<?xml version="1.0" encoding="UTF-8"?>
<!DOCTYPE html PUBLIC "-//W3C//DTD XHTML 1.0 Transitional//EN"
    "http://www.w3.org/TR/xhtml1/DTD/xhtml1-transitional.dtd">
<html xmlns="http://www.w3.org/1999/xhtml" xml:lang="en" lang="en">
 <head>
  <title>
</title>
<meta http-equiv="Content-Type" content="text/html;charset=utf-8" />
  <meta name='ocr-system' content='tesseract 3.04.00' />
  <meta name='ocr-capabilities' content='ocr_page ocr_carea ocr_par ocr_line ocrx_word'/>
</head>
<body>
  <div class='ocr_page' id='page_1' title='image "./memorialschurch02fowlgoog_0093.png"; bbox 0 0 3074 5032; ppageno 0'>
   <div class='ocr_carea' id='block_1_1' title="bbox 657 353 1079 409">
    <p class='ocr_par' dir='ltr' id='par_1_1' title="bbox 657 353 1079 409">
     <span class='ocr_line' id='line_1_1' title="bbox 657 353 1079 409; baseline 0.002 -3"><span class='ocrx_word' id='word_1_1' title='bbox 657 353 865 409; x_wconf 70' lang='lat' dir='ltr'>Mancellus</span> <span class='ocrx_word' id='word_1_2' title='bbox 891 356 935 408; x_wconf 76' lang='lat' dir='ltr'>or</span> <span class='ocrx_word' id='word_1_3' title='bbox 960 356 1079 408; x_wconf 84' lang='lat' dir='ltr'><strong>RIPON.</strong></span> 
     </span>
    </p>
   </div>
   <div class='ocr_carea' id='block_1_2' title="bbox 215 518 1447 1651">
    <p class='ocr_par' dir='ltr' id='par_1_2' title="bbox 297 518 1445 1082">
     <span class='ocr_line' id='line_1_2' title="bbox 297 518 1441 602; baseline 0.001 -20"><span class='ocrx_word' id='word_1_4' title='bbox 297 521 397 583; x_wconf 87' lang='grc'><strong>116111</strong></span> <span class='ocrx_word' id='word_1_5' title='bbox 411 522 447 582; x_wconf 94' lang='lat' dir='ltr'>in</span> <span class='ocrx_word' id='word_1_6' title='bbox 464 523 653 585; x_wconf 87' lang='lat' dir='ltr'>sacerdotali</span> <span class='ocrx_word' id='word_1_7' title='bbox 669 524 780 585; x_wconf 87' lang='lat' dir='ltr'>ordine</span> <span class='ocrx_word' id='word_1_8' title='bbox 797 525 1005 602; x_wconf 89' lang='lat' dir='ltr'>constitutus,</span> <span class='ocrx_word' id='word_1_9' title='bbox 1017 523 1170 586; x_wconf 89' lang='lat' dir='ltr'>videlicet</span> <span class='ocrx_word' id='word_1_10' title='bbox 1179 518 1293 585; x_wconf 91' lang='lat' dir='ltr'>diebus</span> <span class='ocrx_word' id='word_1_11' title='bbox 1307 520 1441 600; x_wconf 89' lang='lat' dir='ltr'>feriatis,</span> 
     </span>
     <span class='ocr_line' id='line_1_3' title="bbox 297 605 1444 702; baseline 0 -25"><span class='ocrx_word' id='word_1_12' title='bbox 297 636 355 696; x_wconf 92' lang='lat' dir='ltr'>pro</span> <span class='ocrx_word' id='word_1_13' title='bbox 379 619 546 681; x_wconf 75' lang='lat' dir='ltr'><strong>animabus</strong></span> <span class='ocrx_word' id='word_1_14' title='bbox 570 619 704 680; x_wconf 91' lang='lat' dir='ltr'>Walteri</span> <span class='ocrx_word' id='word_1_15' title='bbox 729 618 863 700; x_wconf 78' lang='lat' dir='ltr'>Gyffard</span> <span class='ocrx_word' id='word_1_16' title='bbox 893 621 1057 702; x_wconf 91' lang='lat' dir='ltr'>quondam</span> <span class='ocrx_word' id='word_1_17' title='bbox 1081 617 1176 681; x_wconf 87' lang='lat' dir='ltr'>Ebor&#39;</span> <span class='ocrx_word' id='word_1_18' title='bbox 1200 605 1444 699; x_wconf 81' lang='lat' dir='ltr'>archiepiscopi,</span> 
     </span>
     <span class='ocr_line' id='line_1_4' title="bbox 299 711 1443 796; baseline 0 -22"><span class='ocrx_word' id='word_1_19' title='bbox 299 711 475 774; x_wconf 80' lang='lat' dir='ltr'>Clementis</span> <span class='ocrx_word' id='word_1_20' title='bbox 491 714 531 775; x_wconf 91' lang='grc'>(16</span> <span class='ocrx_word' id='word_1_21' title='bbox 546 713 723 777; x_wconf 83' lang='lat' dir='ltr'>Grenefeld</span> <span class='ocrx_word' id='word_1_22' title='bbox 738 720 772 776; x_wconf 91' lang='lat' dir='ltr'>et</span> <span class='ocrx_word' id='word_1_23' title='bbox 786 713 924 796; x_wconf 87' lang='lat' dir='ltr'>Edythae</span> <span class='ocrx_word' id='word_1_24' title='bbox 938 716 1046 776; x_wconf 86' lang='lat' dir='ltr'>uxoris</span> <span class='ocrx_word' id='word_1_25' title='bbox 1061 713 1218 795; x_wconf 91' lang='lat' dir='ltr'>ejusdem,</span> <span class='ocrx_word' id='word_1_26' title='bbox 1229 717 1443 795; x_wconf 75' lang='lat' dir='ltr'>praeterquam</span> 
     </span>
     <span class='ocr_line' id='line_1_5' title="bbox 299 806 1444 892; baseline 0.002 -25"><span class='ocrx_word' id='word_1_27' title='bbox 299 807 413 869; x_wconf 90' lang='lat' dir='ltr'>diebus</span> <span class='ocrx_word' id='word_1_28' title='bbox 439 808 583 887; x_wconf 86' lang='lat' dir='ltr'>Sabbati,</span> <span class='ocrx_word' id='word_1_29' title='bbox 606 810 724 892; x_wconf 92' lang='lat' dir='ltr'>quibus</span> <span class='ocrx_word' id='word_1_30' title='bbox 748 809 894 872; x_wconf 82' lang='lat' dir='ltr'>celebres</span> <span class='ocrx_word' id='word_1_31' title='bbox 920 811 961 872; x_wconf 92' lang='lat' dir='ltr'>de</span> <span class='ocrx_word' id='word_1_32' title='bbox 987 806 1092 871; x_wconf 90' lang='lat' dir='ltr'>Beata</span> <span class='ocrx_word' id='word_1_33' title='bbox 1109 810 1256 892; x_wconf 86' lang='lat' dir='ltr'>Virgine,</span> <span class='ocrx_word' id='word_1_34' title='bbox 1273 813 1308 870; x_wconf 91' lang='lat' dir='ltr'>et</span> <span class='ocrx_word' id='word_1_35' title='bbox 1328 808 1444 870; x_wconf 87' lang='lat' dir='ltr'>diebus</span> 
     </span>
     <span class='ocr_line' id='line_1_6' title="bbox 299 903 1444 987; baseline 0.002 -24"><span class='ocrx_word' id='word_1_36' title='bbox 299 903 477 966; x_wconf 79' lang='lat' dir='ltr'>Dominicis</span> <span class='ocrx_word' id='word_1_37' title='bbox 504 909 538 966; x_wconf 91' lang='lat' dir='ltr'>et</span> <span class='ocrx_word' id='word_1_38' title='bbox 563 906 635 968; x_wconf 89' lang='lat' dir='ltr'>aliis</span> <span class='ocrx_word' id='word_1_39' title='bbox 663 906 885 987; x_wconf 84' lang='lat' dir='ltr'>solempnibus</span> <span class='ocrx_word' id='word_1_40' title='bbox 911 910 946 967; x_wconf 91' lang='lat' dir='ltr'>et</span> <span class='ocrx_word' id='word_1_41' title='bbox 971 904 1112 982; x_wconf 76' lang='lat' dir='ltr'>festivis,</span> <span class='ocrx_word' id='word_1_42' title='bbox 1136 904 1278 966; x_wconf 81' lang='lat' dir='ltr'>celebres</span> <span class='ocrx_word' id='word_1_43' title='bbox 1309 904 1349 965; x_wconf 90' lang='lat' dir='ltr'>de</span> <span class='ocrx_word' id='word_1_44' title='bbox 1379 905 1444 981; x_wconf 92' lang='grc'><strong>(116,</strong></span> 
     </span>
     <span class='ocr_line' id='line_1_7' title="bbox 298 995 1445 1082; baseline 0.002 -25"><span class='ocrx_word' id='word_1_45' title='bbox 298 995 411 1060; x_wconf 91' lang='lat' dir='ltr'>habita</span> <span class='ocrx_word' id='word_1_46' title='bbox 435 1002 546 1061; x_wconf 89' lang='lat' dir='ltr'>tamen</span> <span class='ocrx_word' id='word_1_47' title='bbox 571 1002 608 1062; x_wconf 92' lang='lat' dir='ltr'>in</span> <span class='ocrx_word' id='word_1_48' title='bbox 631 1001 768 1082; x_wconf 88' lang='lat' dir='ltr'>singulis</span> <span class='ocrx_word' id='word_1_49' title='bbox 790 1003 897 1062; x_wconf 92' lang='lat' dir='ltr'>missis</span> <span class='ocrx_word' id='word_1_50' title='bbox 921 1001 987 1062; x_wconf 92' lang='lat' dir='ltr'>illis</span> <span class='ocrx_word' id='word_1_51' title='bbox 1014 1002 1054 1062; x_wconf 98' lang='grc'>(16</span> <span class='ocrx_word' id='word_1_52' title='bbox 1081 999 1252 1061; x_wconf 83' lang='lat' dir='ltr'>animabus</span> <span class='ocrx_word' id='word_1_53' title='bbox 1266 999 1445 1080; x_wconf 83' lang='lat' dir='ltr'>·praediotis</span> 
     </span>
    </p>

    <p class='ocr_par' dir='ltr' id='par_1_3' title="bbox 215 1093 1447 1651">
     <span class='ocr_line' id='line_1_8' title="bbox 298 1093 1443 1176; baseline 0.002 -24"><span class='ocrx_word' id='word_1_54' title='bbox 298 1094 454 1155; x_wconf 91' lang='lat' dir='ltr'>memoria</span> <span class='ocrx_word' id='word_1_55' title='bbox 484 1095 624 1176; x_wconf 83' lang='lat' dir='ltr'>speciali.</span> <span class='ocrx_word' id='word_1_56' title='bbox 681 1095 867 1158; x_wconf 78' lang='lat' dir='ltr'>Custodiam</span> <span class='ocrx_word' id='word_1_57' title='bbox 904 1096 1038 1176; x_wconf 89' lang='lat' dir='ltr'>insuper</span> <span class='ocrx_word' id='word_1_58' title='bbox 1075 1095 1232 1156; x_wconf 92' lang='lat' dir='ltr'>domuum</span> <span class='ocrx_word' id='word_1_59' title='bbox 1270 1098 1305 1155; x_wconf 90' lang='lat' dir='ltr'>et</span> <span class='ocrx_word' id='word_1_60' title='bbox 1342 1093 1443 1154; x_wconf 91' lang='lat' dir='ltr'>clausi</span> 
     </span>
     <span class='ocr_line' id='line_1_9' title="bbox 215 1180 1445 1273; baseline 0.002 -25"><span class='ocrx_word' id='word_1_61' title='bbox 215 1180 216 1184; x_wconf 29' lang='lat'>¹</span> <span class='ocrx_word' id='word_1_62' title='bbox 297 1190 435 1250; x_wconf 90' lang='lat' dir='ltr'>manerii</span> <span class='ocrx_word' id='word_1_63' title='bbox 450 1192 552 1252; x_wconf 80' lang='lat' dir='ltr'>nostri</span> <span class='ocrx_word' id='word_1_64' title='bbox 567 1192 723 1272; x_wconf 90' lang='lat' dir='ltr'>praedicti,</span> <span class='ocrx_word' id='word_1_65' title='bbox 739 1193 802 1254; x_wconf 91' lang='lat' dir='ltr'>tibi</span> <span class='ocrx_word' id='word_1_66' title='bbox 816 1197 930 1254; x_wconf 90' lang='lat' dir='ltr'>tenore</span> <span class='ocrx_word' id='word_1_67' title='bbox 953 1192 1166 1273; x_wconf 89' lang='lat' dir='ltr'>praesencium</span> <span class='ocrx_word' id='word_1_68' title='bbox 1190 1190 1343 1251; x_wconf 84' lang='lat' dir='ltr'>duximus</span> <span class='ocrx_word' id='word_1_69' title='bbox 1358 1210 1445 1251; x_wconf 94' lang='lat' dir='ltr'>com-</span> 
     </span>
     <span class='ocr_line' id='line_1_10' title="bbox 298 1275 1445 1369; baseline 0.002 -25"><span class='ocrx_word' id='word_1_70' title='bbox 298 1285 504 1348; x_wconf 84' lang='lat' dir='ltr'>mittendam.</span> <span class='ocrx_word' id='word_1_71' title='bbox 550 1288 590 1347; x_wconf 92' lang='lat' dir='ltr'>In</span> <span class='ocrx_word' id='word_1_72' title='bbox 613 1287 705 1369; x_wconf 90' lang='lat' dir='ltr'>cujus</span> <span class='ocrx_word' id='word_1_73' title='bbox 719 1289 767 1348; x_wconf 89' lang='lat' dir='ltr'>rei</span> <span class='ocrx_word' id='word_1_74' title='bbox 789 1275 1017 1348; x_wconf 90' lang='lat' dir='ltr'>testimonium</span> <span class='ocrx_word' id='word_1_75' title='bbox 1040 1285 1185 1368; x_wconf 87' lang='lat' dir='ltr'>sigillum</span> <span class='ocrx_word' id='word_1_76' title='bbox 1200 1290 1348 1346; x_wconf 90' lang='lat' dir='ltr'>nostrum</span> <span class='ocrx_word' id='word_1_77' title='bbox 1362 1305 1445 1367; x_wconf 89' lang='lat' dir='ltr'>prae-</span> 
     </span>
     <span class='ocr_line' id='line_1_11' title="bbox 299 1379 1446 1463; baseline 0.002 -25"><span class='ocrx_word' id='word_1_78' title='bbox 299 1380 445 1441; x_wconf 77' lang='lat' dir='ltr'>sentibus</span> <span class='ocrx_word' id='word_1_79' title='bbox 462 1385 512 1442; x_wconf 89' lang='lat' dir='ltr'>est</span> <span class='ocrx_word' id='word_1_80' title='bbox 526 1396 715 1462; x_wconf 88' lang='lat' dir='ltr'>appensum.</span> <span class='ocrx_word' id='word_1_81' title='bbox 761 1383 836 1444; x_wconf 88' lang='lat' dir='ltr'>Dat.</span> <span class='ocrx_word' id='word_1_82' title='bbox 852 1382 939 1463; x_wconf 90' lang='lat' dir='ltr'>apud</span> <span class='ocrx_word' id='word_1_83' title='bbox 955 1380 1176 1458; x_wconf 89' lang='lat' dir='ltr'>Beverlacum,</span> <span class='ocrx_word' id='word_1_84' title='bbox 1192 1379 1319 1441; x_wconf 91' lang='lat' dir='ltr'>infesto</span> <span class='ocrx_word' id='word_1_85' title='bbox 1335 1379 1446 1442; x_wconf 78' lang='lat' dir='ltr'>Sancti</span> 
     </span>
     <span class='ocr_line' id='line_1_12' title="bbox 307 1474 1447 1559; baseline 0.001 -24"><span class='ocrx_word' id='word_1_86' title='bbox 307 1474 443 1536; x_wconf 88' lang='lat' dir='ltr'>Martini</span> <span class='ocrx_word' id='word_1_87' title='bbox 466 1477 501 1536; x_wconf 95' lang='lat' dir='ltr'>in</span> <span class='ocrx_word' id='word_1_88' title='bbox 524 1483 630 1558; x_wconf 77' lang='lat' dir='ltr'>yeme.</span> <span class='ocrx_word' id='word_1_89' title='bbox 675 1479 768 1539; x_wconf 90' lang='lat' dir='ltr'>Anno</span> <span class='ocrx_word' id='word_1_90' title='bbox 794 1478 910 1559; x_wconf 89' lang='lat' dir='ltr'>graciae</span> <span class='ocrx_word' id='word_1_91' title='bbox 950 1477 1001 1537; x_wconf 87' lang='grc' dir='ltr'>Μο</span> <span class='ocrx_word' id='word_1_92' title='bbox 1013 1482 1101 1538; x_wconf 72' lang='grc'>6661110</span> <span class='ocrx_word' id='word_1_93' title='bbox 1130 1476 1381 1557; x_wconf 90' lang='lat' dir='ltr'>quartodecimo,</span> <span class='ocrx_word' id='word_1_94' title='bbox 1411 1479 1447 1536; x_wconf 89' lang='lat' dir='ltr'>et</span> 
     </span>
     <span class='ocr_line' id='line_1_13' title="bbox 297 1570 740 1651; baseline 0.009 -21"><span class='ocrx_word' id='word_1_95' title='bbox 297 1570 505 1651; x_wconf 90' lang='lat' dir='ltr'>pontificatus</span> <span class='ocrx_word' id='word_1_96' title='bbox 528 1574 630 1634; x_wconf 87' lang='lat' dir='ltr'>nostri</span> <span class='ocrx_word' id='word_1_97' title='bbox 644 1593 740 1635; x_wconf 91' lang='lat' dir='ltr'>nono.</span> 
     </span>
    </p>
   </div>
   <div class='ocr_carea' id='block_1_3' title="bbox 299 1707 1446 1983">
    <p class='ocr_par' dir='ltr' id='par_1_4' title="bbox 299 1707 1446 1983">
     <span class='ocr_line' id='line_1_14' title="bbox 366 1707 1446 1791; baseline -0.002 -23"><span class='ocrx_word' id='word_1_98' title='bbox 366 1707 457 1780; x_wconf 78' lang='lat' dir='ltr'>Quod</span> <span class='ocrx_word' id='word_1_99' title='bbox 473 1708 652 1790; x_wconf 90' lang='lat' dir='ltr'>capitulum</span> <span class='ocrx_word' id='word_1_100' title='bbox 668 1709 783 1791; x_wconf 86' lang='lat' dir='ltr'>Rypon</span> <span class='ocrx_word' id='word_1_101' title='bbox 798 1709 955 1770; x_wconf 89' lang='lat' dir='ltr'>certificet</span> <span class='ocrx_word' id='word_1_102' title='bbox 964 1707 1135 1770; x_wconf 89' lang='lat' dir='ltr'>dominum</span> <span class='ocrx_word' id='word_1_103' title='bbox 1150 1708 1190 1769; x_wconf 92' lang='lat' dir='ltr'>de</span> <span class='ocrx_word' id='word_1_104' title='bbox 1205 1707 1298 1768; x_wconf 91' lang='lat' dir='ltr'>bonis</span> <span class='ocrx_word' id='word_1_105' title='bbox 1315 1726 1446 1787; x_wconf 92' lang='lat' dir='ltr'>seques-</span> 
     </span>
     <span class='ocr_line' id='line_1_15' title="bbox 299 1802 1446 1886; baseline 0.001 -24"><span class='ocrx_word' id='word_1_106' title='bbox 299 1804 393 1863; x_wconf 86' lang='lat' dir='ltr'>tratis</span> <span class='ocrx_word' id='word_1_107' title='bbox 417 1805 569 1886; x_wconf 86' lang='lat' dir='ltr'>magistri</span> <span class='ocrx_word' id='word_1_108' title='bbox 593 1803 751 1867; x_wconf 87' lang='lat' dir='ltr'>Johannis</span> <span class='ocrx_word' id='word_1_109' title='bbox 766 1805 806 1866; x_wconf 92' lang='lat' dir='ltr'>de</span> <span class='ocrx_word' id='word_1_110' title='bbox 823 1804 942 1867; x_wconf 81' lang='lat' dir='ltr'>Sancto</span> <span class='ocrx_word' id='word_1_111' title='bbox 967 1802 1069 1880; x_wconf 83' lang='lat' dir='ltr'>Claro,</span> <span class='ocrx_word' id='word_1_112' title='bbox 1085 1803 1298 1885; x_wconf 88' lang='lat' dir='ltr'>praebendarii</span> <span class='ocrx_word' id='word_1_113' title='bbox 1322 1802 1446 1863; x_wconf 92' lang='lat' dir='ltr'>dudum</span> 
     </span>
     <span class='ocr_line' id='line_1_16' title="bbox 299 1896 1056 1983; baseline 0.003 -25"><span class='ocrx_word' id='word_1_114' title='bbox 299 1897 340 1958; x_wconf 93' lang='lat' dir='ltr'>de</span> <span class='ocrx_word' id='word_1_115' title='bbox 356 1897 550 1963; x_wconf 83' lang='lat' dir='ltr'>Munketon.</span> <span class='ocrx_word' id='word_1_116' title='bbox 596 1897 757 1983; x_wconf 75' lang='lat' dir='ltr'>(Borion,</span> <span class='ocrx_word' id='word_1_117' title='bbox 772 1899 854 1962; x_wconf 79' lang='lat' dir='ltr'>Noc.</span> <span class='ocrx_word' id='word_1_118' title='bbox 873 1903 924 1976; x_wconf 88' lang='lat'>13,</span> <span class='ocrx_word' id='word_1_119' title='bbox 944 1896 1056 1983; x_wconf 83' lang='grc'><strong>1314.)</strong></span> 
     </span>
    </p>
   </div>
   <div class='ocr_carea' id='block_1_4' title="bbox 139 2043 1459 2422">
    <p class='ocr_par' dir='ltr' id='par_1_5' title="bbox 139 2043 1459 2422">
     <span class='ocr_line' id='line_1_17' title="bbox 366 2043 1459 2124; baseline 0 -21"><span class='ocrx_word' id='word_1_120' title='bbox 366 2043 562 2121; x_wconf 75' lang='lat' dir='ltr'>WillelmuS,</span> <span class='ocrx_word' id='word_1_121' title='bbox 593 2049 654 2106; x_wconf 90' lang='lat' dir='ltr'>etc.</span> <span class='ocrx_word' id='word_1_122' title='bbox 686 2044 805 2106; x_wconf 88' lang='lat' dir='ltr'>dilecto</span> <span class='ocrx_word' id='word_1_123' title='bbox 830 2045 899 2107; x_wconf 91' lang='lat' dir='ltr'>filio</span> <span class='ocrx_word' id='word_1_124' title='bbox 923 2045 1056 2106; x_wconf 91' lang='lat' dir='ltr'>domino</span> <span class='ocrx_word' id='word_1_125' title='bbox 1078 2043 1215 2106; x_wconf 88' lang='lat' dir='ltr'>Ricardo</span> <span class='ocrx_word' id='word_1_126' title='bbox 1238 2044 1278 2105; x_wconf 93' lang='lat' dir='ltr'>de</span> <span class='ocrx_word' id='word_1_127' title='bbox 1293 2043 1459 2124; x_wconf 78' lang='lat' dir='ltr'>Henney,</span> 
     </span>
     <span class='ocr_line' id='line_1_18' title="bbox 144 2138 1447 2222; baseline 0.001 -24"><span class='ocrx_word' id='word_1_128' title='bbox 144 2149 177 2162; x_wconf 83' lang='grc'>··</span> <span class='ocrx_word' id='word_1_129' title='bbox 230 2207 236 2220; x_wconf 88' lang='lat'><strong>.</strong></span> <span class='ocrx_word' id='word_1_130' title='bbox 300 2140 453 2200; x_wconf 90' lang='lat' dir='ltr'>canonico</span> <span class='ocrx_word' id='word_1_131' title='bbox 480 2139 623 2201; x_wconf 89' lang='lat' dir='ltr'>ecclesiae</span> <span class='ocrx_word' id='word_1_132' title='bbox 647 2146 766 2203; x_wconf 88' lang='lat' dir='ltr'>nostrae</span> <span class='ocrx_word' id='word_1_133' title='bbox 792 2139 929 2222; x_wconf 74' lang='lat' dir='ltr'>Rypon&#39;,</span> <span class='ocrx_word' id='word_1_134' title='bbox 945 2141 1096 2217; x_wconf 89' lang='lat' dir='ltr'>salutem,</span> <span class='ocrx_word' id='word_1_135' title='bbox 1118 2140 1271 2222; x_wconf 87' lang='lat' dir='ltr'>graciam,</span> <span class='ocrx_word' id='word_1_136' title='bbox 1288 2143 1322 2200; x_wconf 88' lang='lat' dir='ltr'>et</span> <span class='ocrx_word' id='word_1_137' title='bbox 1347 2138 1447 2200; x_wconf 90' lang='lat' dir='ltr'>bene-</span> 
     </span>
     <span class='ocr_line' id='line_1_19' title="bbox 153 2232 1447 2317; baseline 0 -22"><span class='ocrx_word' id='word_1_138' title='bbox 153 2248 186 2279; x_wconf 80' lang='lat' dir='ltr'>ar.</span> <span class='ocrx_word' id='word_1_139' title='bbox 228 2266 234 2278; x_wconf 94' lang='lat'><strong>·</strong></span> <span class='ocrx_word' id='word_1_140' title='bbox 300 2234 489 2295; x_wconf 89' lang='lat' dir='ltr'>diccionem.</span> <span class='ocrx_word' id='word_1_141' title='bbox 546 2235 659 2316; x_wconf 92' lang='lat' dir='ltr'>Nuper</span> <span class='ocrx_word' id='word_1_142' title='bbox 685 2235 775 2297; x_wconf 83' lang='lat' dir='ltr'>vobis</span> <span class='ocrx_word' id='word_1_143' title='bbox 800 2240 835 2297; x_wconf 90' lang='lat' dir='ltr'>et</span> <span class='ocrx_word' id='word_1_144' title='bbox 861 2235 1027 2297; x_wconf 92' lang='lat' dir='ltr'>Willelmo</span> <span class='ocrx_word' id='word_1_145' title='bbox 1051 2236 1091 2296; x_wconf 92' lang='lat' dir='ltr'>de</span> <span class='ocrx_word' id='word_1_146' title='bbox 1116 2232 1299 2317; x_wconf 91' lang='lat' dir='ltr'>Malghum,</span> <span class='ocrx_word' id='word_1_147' title='bbox 1328 2233 1447 2296; x_wconf 88' lang='lat' dir='ltr'>ballivo</span> 
     </span>
     <span class='ocr_line' id='line_1_20' title="bbox 139 2318 1446 2422; baseline 0 -33"><span class='ocrx_word' id='word_1_148' title='bbox 139 2317 230 2422; x_wconf 28' lang='lat' dir='ltr'>affola</span> <span class='ocrx_word' id='word_1_149' title='bbox 250 2376 266 2411; x_wconf 94' lang='lat'>·.</span> <span class='ocrx_word' id='word_1_150' title='bbox 298 2333 408 2391; x_wconf 90' lang='lat' dir='ltr'>nostro</span> <span class='ocrx_word' id='word_1_151' title='bbox 423 2330 558 2411; x_wconf 75' lang='lat' dir='ltr'>Rypon&#39;,</span> <span class='ocrx_word' id='word_1_152' title='bbox 574 2331 609 2391; x_wconf 96' lang='lat' dir='ltr'>in</span> <span class='ocrx_word' id='word_1_153' title='bbox 631 2336 741 2392; x_wconf 89' lang='lat' dir='ltr'>nostra</span> <span class='ocrx_word' id='word_1_154' title='bbox 762 2332 938 2413; x_wconf 89' lang='lat' dir='ltr'>praesencia</span> <span class='ocrx_word' id='word_1_155' title='bbox 960 2331 1160 2408; x_wconf 89' lang='lat' dir='ltr'>constitutis,</span> <span class='ocrx_word' id='word_1_156' title='bbox 1177 2335 1210 2392; x_wconf 93' lang='lat' dir='ltr'>et</span> <span class='ocrx_word' id='word_1_157' title='bbox 1226 2330 1338 2391; x_wconf 91' lang='lat' dir='ltr'>audito</span> <span class='ocrx_word' id='word_1_158' title='bbox 1360 2329 1446 2390; x_wconf 91' lang='grc'><strong>16610</strong></span> 
     </span>
    </p>
   </div>
   <div class='ocr_carea' id='block_1_5' title="bbox 214 2422 1446 2508">
    <p class='ocr_par' dir='ltr' id='par_1_6' title="bbox 214 2422 1446 2508">
     <span class='ocr_line' id='line_1_21' title="bbox 214 2422 1446 2508; baseline 0 -23"><span class='ocrx_word' id='word_1_159' title='bbox 214 2440 219 2451; x_wconf 92' lang='grc'>·</span> <span class='ocrx_word' id='word_1_160' title='bbox 252 2434 274 2479; x_wconf 79' lang='lat' dir='ltr'>n’</span> <span class='ocrx_word' id='word_1_161' title='bbox 299 2425 341 2486; x_wconf 89' lang='grc'><strong>(16</strong></span> <span class='ocrx_word' id='word_1_162' title='bbox 378 2425 504 2486; x_wconf 90' lang='lat' dir='ltr'>catallis</span> <span class='ocrx_word' id='word_1_163' title='bbox 534 2425 704 2508; x_wconf 89' lang='lat' dir='ltr'>cujusdam</span> <span class='ocrx_word' id='word_1_164' title='bbox 734 2428 792 2508; x_wconf 93' lang='lat' dir='ltr'>qui</span> <span class='ocrx_word' id='word_1_165' title='bbox 821 2426 906 2488; x_wconf 88' lang='grc'><strong>11116</strong></span> <span class='ocrx_word' id='word_1_166' title='bbox 935 2426 1122 2489; x_wconf 86' lang='lat' dir='ltr'>libertatem</span> <span class='ocrx_word' id='word_1_167' title='bbox 1146 2430 1289 2487; x_wconf 88' lang='lat' dir='ltr'>nostram</span> <span class='ocrx_word' id='word_1_168' title='bbox 1320 2422 1446 2506; x_wconf 76' lang='lat' dir='ltr'>Rypon’</span> 
     </span>
    </p>
   </div>
   <div class='ocr_carea' id='block_1_6' title="bbox 126 2509 1448 2890">
    <p class='ocr_par' dir='ltr' id='par_1_7' title="bbox 136 2509 1448 2713">
     <span class='ocr_line' id='line_1_22' title="bbox 136 2509 1448 2600; baseline -0.005 -14"><span class='ocrx_word' id='word_1_169' title='bbox 136 2509 231 2596; x_wconf 37' lang='grc' dir='ltr'>,ζμ</span> <span class='ocrx_word' id='word_1_170' title='bbox 299 2517 512 2582; x_wconf 88' lang='lat' dir='ltr'>homicidium</span> <span class='ocrx_word' id='word_1_171' title='bbox 534 2521 1000 2600; x_wconf 85' lang='grc'><strong>(1161111601111111116,616(1</strong></span> <span class='ocrx_word' id='word_1_172' title='bbox 1024 2523 1145 2584; x_wconf 90' lang='lat' dir='ltr'>dictam</span> <span class='ocrx_word' id='word_1_173' title='bbox 1168 2521 1354 2584; x_wconf 90' lang='lat' dir='ltr'>libertatem</span> <span class='ocrx_word' id='word_1_174' title='bbox 1375 2523 1448 2581; x_wconf 91' lang='lat' dir='ltr'>tan-</span> 
     </span>
     <span class='ocr_line' id='line_1_23' title="bbox 139 2616 1448 2713; baseline -0.006 -30"><span class='ocrx_word' id='word_1_175' title='bbox 139 2625 226 2713; x_wconf 47' lang='lat' dir='ltr'>eong&#39;m</span> <span class='ocrx_word' id='word_1_176' title='bbox 300 2635 398 2696; x_wconf 89' lang='lat' dir='ltr'>quam</span> <span class='ocrx_word' id='word_1_177' title='bbox 434 2636 509 2678; x_wconf 91' lang='lat' dir='ltr'>reus</span> <span class='ocrx_word' id='word_1_178' title='bbox 539 2617 620 2678; x_wconf 92' lang='lat' dir='ltr'>dicti</span> <span class='ocrx_word' id='word_1_179' title='bbox 650 2619 795 2680; x_wconf 90' lang='lat' dir='ltr'>criminis</span> <span class='ocrx_word' id='word_1_180' title='bbox 833 2617 1027 2700; x_wconf 83' lang='lat' dir='ltr'>confugisse,</span> <span class='ocrx_word' id='word_1_181' title='bbox 1057 2619 1134 2700; x_wconf 89' lang='lat' dir='ltr'>quia</span> <span class='ocrx_word' id='word_1_182' title='bbox 1162 2616 1301 2679; x_wconf 90' lang='lat' dir='ltr'>ballivus</span> <span class='ocrx_word' id='word_1_183' title='bbox 1338 2619 1448 2676; x_wconf 90' lang='lat' dir='ltr'>noster</span> 
     </span>
    </p>

    <p class='ocr_par' dir='ltr' id='par_1_8' title="bbox 126 2711 1448 2890">
     <span class='ocr_line' id='line_1_24' title="bbox 172 2711 1448 2794; baseline -0.005 -18"><span class='ocrx_word' id='word_1_184' title='bbox 172 2727 208 2771; x_wconf 82' lang='lat' dir='ltr'>ivo</span> <span class='ocrx_word' id='word_1_185' title='bbox 300 2711 417 2772; x_wconf 86' lang='lat' dir='ltr'>catalla</span> <span class='ocrx_word' id='word_1_186' title='bbox 440 2712 599 2792; x_wconf 61' lang='lat' dir='ltr'>&#39;praedicta</span> <span class='ocrx_word' id='word_1_187' title='bbox 630 2713 805 2775; x_wconf 86' lang='lat' dir='ltr'>senescallo</span> <span class='ocrx_word' id='word_1_188' title='bbox 835 2713 972 2794; x_wconf 90' lang='lat' dir='ltr'>capituli</span> <span class='ocrx_word' id='word_1_189' title='bbox 995 2714 1099 2774; x_wconf 90' lang='lat' dir='ltr'>nostri</span> <span class='ocrx_word' id='word_1_190' title='bbox 1123 2711 1248 2794; x_wconf 72' lang='lat' dir='ltr'>Rypon&#39;</span> <span class='ocrx_word' id='word_1_191' title='bbox 1278 2711 1337 2774; x_wconf 92' lang='lat' dir='ltr'>sub</span> <span class='ocrx_word' id='word_1_192' title='bbox 1361 2714 1448 2771; x_wconf 90' lang='lat' dir='ltr'>certa</span> 
     </span>
     <span class='ocr_line' id='line_1_25' title="bbox 126 2786 1448 2890; baseline -0.005 -18"><span class='ocrx_word' id='word_1_193' title='bbox 126 2859 135 2888; x_wconf 80' lang='lat'>,</span> <span class='ocrx_word' id='word_1_194' title='bbox 178 2786 212 2829; x_wconf 80' lang='lat' dir='ltr'>im·</span> <span class='ocrx_word' id='word_1_195' title='bbox 299 2804 413 2883; x_wconf 87' lang='lat' dir='ltr'>forma,</span> <span class='ocrx_word' id='word_1_196' title='bbox 428 2807 507 2868; x_wconf 93' lang='lat' dir='ltr'>licet</span> <span class='ocrx_word' id='word_1_197' title='bbox 522 2807 557 2867; x_wconf 93' lang='lat' dir='ltr'>in</span> <span class='ocrx_word' id='word_1_198' title='bbox 568 2806 654 2888; x_wconf 87' lang='lat' dir='ltr'>juris</span> <span class='ocrx_word' id='word_1_199' title='bbox 669 2809 772 2870; x_wconf 90' lang='lat' dir='ltr'>nostri</span> <span class='ocrx_word' id='word_1_200' title='bbox 782 2807 1018 2890; x_wconf 90' lang='lat' dir='ltr'>praejudicium,</span> <span class='ocrx_word' id='word_1_201' title='bbox 1030 2807 1182 2869; x_wconf 88' lang='lat' dir='ltr'>liberavit</span> <span class='ocrx_word' id='word_1_202' title='bbox 1190 2807 1281 2868; x_wconf 89' lang='lat' dir='ltr'>vobis</span> <span class='ocrx_word' id='word_1_203' title='bbox 1296 2806 1448 2867; x_wconf 93' lang='lat' dir='ltr'>memini-</span> 
     </span>
    </p>
   </div>
   <div class='ocr_carea' id='block_1_7' title="bbox 300 2898 1454 4415">
    <p class='ocr_par' dir='ltr' id='par_1_9' title="bbox 300 2898 1454 4415">
     <span class='ocr_line' id='line_1_26' title="bbox 300 2898 1448 2984; baseline 0 -24"><span class='ocrx_word' id='word_1_204' title='bbox 300 2920 373 2961; x_wconf 93' lang='lat' dir='ltr'>mus</span> <span class='ocrx_word' id='word_1_205' title='bbox 410 2900 600 2983; x_wconf 83' lang='lat' dir='ltr'>injunxisse,</span> <span class='ocrx_word' id='word_1_206' title='bbox 630 2903 716 2984; x_wconf 92' lang='lat' dir='ltr'>quod</span> <span class='ocrx_word' id='word_1_207' title='bbox 746 2902 873 2965; x_wconf 89' lang='lat' dir='ltr'>dictum</span> <span class='ocrx_word' id='word_1_208' title='bbox 911 2902 1125 2964; x_wconf 92' lang='lat' dir='ltr'>senescallum</span> <span class='ocrx_word' id='word_1_209' title='bbox 1156 2902 1293 2983; x_wconf 92' lang='lat' dir='ltr'>capituli</span> <span class='ocrx_word' id='word_1_210' title='bbox 1322 2898 1448 2983; x_wconf 77' lang='lat' dir='ltr'>Rypon’</span> 
     </span>
     <span class='ocr_line' id='line_1_27' title="bbox 300 2994 1449 3079; baseline -0.002 -23"><span class='ocrx_word' id='word_1_211' title='bbox 300 2997 450 3079; x_wconf 88' lang='lat' dir='ltr'>legitime</span> <span class='ocrx_word' id='word_1_212' title='bbox 474 2999 662 3077; x_wconf 91' lang='lat' dir='ltr'>moneretis,</span> <span class='ocrx_word' id='word_1_213' title='bbox 692 3003 732 3060; x_wconf 92' lang='lat' dir='ltr'>ut</span> <span class='ocrx_word' id='word_1_214' title='bbox 755 2998 872 3059; x_wconf 89' lang='lat' dir='ltr'>catalla</span> <span class='ocrx_word' id='word_1_215' title='bbox 894 2998 1048 3079; x_wconf 84' lang='lat' dir='ltr'>praedicta</span> <span class='ocrx_word' id='word_1_216' title='bbox 1071 2997 1191 3060; x_wconf 81' lang='lat' dir='ltr'>ballivo</span> <span class='ocrx_word' id='word_1_217' title='bbox 1214 3001 1335 3073; x_wconf 90' lang='lat' dir='ltr'>nostro,</span> <span class='ocrx_word' id='word_1_218' title='bbox 1360 2994 1449 3056; x_wconf 91' lang='lat' dir='ltr'>omni</span> 
     </span>
     <span class='ocr_line' id='line_1_28' title="bbox 302 3093 1449 3175; baseline -0.003 -21"><span class='ocrx_word' id='word_1_219' title='bbox 302 3093 460 3154; x_wconf 89' lang='lat' dir='ltr'>dilacione</span> <span class='ocrx_word' id='word_1_220' title='bbox 483 3113 519 3154; x_wconf 93' lang='grc'>66</span> <span class='ocrx_word' id='word_1_221' title='bbox 542 3094 749 3155; x_wconf 88' lang='lat' dir='ltr'>cavillacione</span> <span class='ocrx_word' id='word_1_222' title='bbox 772 3095 963 3175; x_wconf 90' lang='lat' dir='ltr'>postposita,</span> <span class='ocrx_word' id='word_1_223' title='bbox 977 3093 1142 3170; x_wconf 90' lang='lat' dir='ltr'>liberaret,</span> <span class='ocrx_word' id='word_1_224' title='bbox 1157 3093 1205 3153; x_wconf 91' lang='lat' dir='ltr'>ita</span> <span class='ocrx_word' id='word_1_225' title='bbox 1226 3096 1265 3153; x_wconf 93' lang='lat' dir='ltr'>ut</span> <span class='ocrx_word' id='word_1_226' title='bbox 1287 3093 1323 3152; x_wconf 93' lang='lat' dir='ltr'>in</span> <span class='ocrx_word' id='word_1_227' title='bbox 1337 3096 1449 3152; x_wconf 91' lang='lat' dir='ltr'>nostra</span> 
     </span>
     <span class='ocr_line' id='line_1_29' title="bbox 301 3185 1450 3269; baseline -0.003 -20"><span class='ocrx_word' id='word_1_228' title='bbox 301 3189 501 3269; x_wconf 90' lang='lat' dir='ltr'>possessione</span> <span class='ocrx_word' id='word_1_229' title='bbox 517 3194 552 3250; x_wconf 90' lang='lat' dir='ltr'>et</span> <span class='ocrx_word' id='word_1_230' title='bbox 574 3190 722 3251; x_wconf 90' lang='lat' dir='ltr'>custodia</span> <span class='ocrx_word' id='word_1_231' title='bbox 742 3192 961 3266; x_wconf 89' lang='lat' dir='ltr'>remanerent,</span> <span class='ocrx_word' id='word_1_232' title='bbox 977 3189 1079 3249; x_wconf 91' lang='lat' dir='ltr'>donec</span> <span class='ocrx_word' id='word_1_233' title='bbox 1094 3189 1129 3248; x_wconf 93' lang='lat' dir='ltr'>in</span> <span class='ocrx_word' id='word_1_234' title='bbox 1152 3187 1244 3249; x_wconf 88' lang='lat' dir='ltr'>curia</span> <span class='ocrx_word' id='word_1_235' title='bbox 1258 3191 1369 3248; x_wconf 91' lang='lat' dir='ltr'>nostra</span> <span class='ocrx_word' id='word_1_236' title='bbox 1384 3185 1450 3246; x_wconf 92' lang='lat' dir='ltr'>dis-</span> 
     </span>
     <span class='ocr_line' id='line_1_30' title="bbox 303 3281 1449 3366; baseline -0.003 -22"><span class='ocrx_word' id='word_1_237' title='bbox 303 3303 433 3344; x_wconf 90' lang='lat' dir='ltr'>cussum</span> <span class='ocrx_word' id='word_1_238' title='bbox 462 3283 563 3345; x_wconf 88' lang='lat' dir='ltr'>fuerit</span> <span class='ocrx_word' id='word_1_239' title='bbox 591 3289 704 3347; x_wconf 89' lang='lat' dir='ltr'>utrum</span> <span class='ocrx_word' id='word_1_240' title='bbox 729 3285 846 3346; x_wconf 90' lang='lat' dir='ltr'>catalla</span> <span class='ocrx_word' id='word_1_241' title='bbox 869 3284 1022 3366; x_wconf 91' lang='lat' dir='ltr'>praedicta</span> <span class='ocrx_word' id='word_1_242' title='bbox 1047 3282 1088 3345; x_wconf 93' lang='lat' dir='ltr'>ad</span> <span class='ocrx_word' id='word_1_243' title='bbox 1114 3303 1171 3344; x_wconf 90' lang='lat' dir='ltr'>nos</span> <span class='ocrx_word' id='word_1_244' title='bbox 1201 3281 1253 3343; x_wconf 85' lang='lat' dir='ltr'>vel</span> <span class='ocrx_word' id='word_1_245' title='bbox 1283 3282 1324 3343; x_wconf 89' lang='lat' dir='ltr'>ad</span> <span class='ocrx_word' id='word_1_246' title='bbox 1347 3281 1449 3342; x_wconf 92' lang='lat' dir='ltr'>alium</span> 
     </span>
     <span class='ocr_line' id='line_1_31' title="bbox 303 3376 1450 3460; baseline -0.003 -21"><span class='ocrx_word' id='word_1_247' title='bbox 303 3377 442 3440; x_wconf 92' lang='lat' dir='ltr'>debeant</span> <span class='ocrx_word' id='word_1_248' title='bbox 455 3379 629 3459; x_wconf 79' lang='lat' dir='ltr'>pertinere.</span> <span class='ocrx_word' id='word_1_249' title='bbox 676 3380 759 3453; x_wconf 79' lang='lat' dir='ltr'>Quia</span> <span class='ocrx_word' id='word_1_250' title='bbox 780 3400 866 3457; x_wconf 92' lang='lat' dir='ltr'>vero,</span> <span class='ocrx_word' id='word_1_251' title='bbox 883 3380 968 3441; x_wconf 91' lang='grc'><strong>116111</strong></span> <span class='ocrx_word' id='word_1_252' title='bbox 990 3379 1184 3460; x_wconf 90' lang='lat' dir='ltr'>accepimus,</span> <span class='ocrx_word' id='word_1_253' title='bbox 1201 3377 1252 3439; x_wconf 90' lang='lat' dir='ltr'>vel</span> <span class='ocrx_word' id='word_1_254' title='bbox 1276 3397 1335 3459; x_wconf 91' lang='lat' dir='ltr'>per</span> <span class='ocrx_word' id='word_1_255' title='bbox 1350 3376 1450 3437; x_wconf 90' lang='lat' dir='ltr'>vestri</span> 
     </span>
     <span class='ocr_line' id='line_1_32' title="bbox 303 3472 1450 3552; baseline -0.001 -19"><span class='ocrx_word' id='word_1_256' title='bbox 303 3473 356 3534; x_wconf 93' lang='lat' dir='ltr'>vel</span> <span class='ocrx_word' id='word_1_257' title='bbox 380 3472 462 3533; x_wconf 90' lang='lat' dir='ltr'>dicti</span> <span class='ocrx_word' id='word_1_258' title='bbox 486 3474 654 3536; x_wconf 86' lang='lat' dir='ltr'>senescalli</span> <span class='ocrx_word' id='word_1_259' title='bbox 678 3474 855 3552; x_wconf 84' lang='lat' dir='ltr'>defectum,</span> <span class='ocrx_word' id='word_1_260' title='bbox 884 3479 1004 3536; x_wconf 84' lang='lat' dir='ltr'>nostrae</span> <span class='ocrx_word' id='word_1_261' title='bbox 1027 3473 1204 3535; x_wconf 92' lang='lat' dir='ltr'>monicioni</span> <span class='ocrx_word' id='word_1_262' title='bbox 1230 3473 1377 3534; x_wconf 92' lang='lat' dir='ltr'>nondum</span> <span class='ocrx_word' id='word_1_263' title='bbox 1400 3476 1450 3533; x_wconf 92' lang='lat' dir='ltr'>est</span> 
     </span>
     <span class='ocr_line' id='line_1_33' title="bbox 303 3566 1450 3649; baseline -0.002 -21"><span class='ocrx_word' id='word_1_264' title='bbox 303 3568 447 3648; x_wconf 88' lang='lat' dir='ltr'>paritum</span> <span class='ocrx_word' id='word_1_265' title='bbox 470 3567 506 3628; x_wconf 94' lang='lat' dir='ltr'>in</span> <span class='ocrx_word' id='word_1_266' title='bbox 521 3566 580 3629; x_wconf 88' lang='lat' dir='ltr'>hac</span> <span class='ocrx_word' id='word_1_267' title='bbox 603 3573 708 3649; x_wconf 88' lang='lat' dir='ltr'>parte,</span> <span class='ocrx_word' id='word_1_268' title='bbox 723 3570 812 3632; x_wconf 91' lang='lat' dir='ltr'>vobis</span> <span class='ocrx_word' id='word_1_269' title='bbox 836 3570 1026 3631; x_wconf 91' lang='lat' dir='ltr'>mandamus</span> <span class='ocrx_word' id='word_1_270' title='bbox 1041 3569 1077 3629; x_wconf 92' lang='lat' dir='ltr'>in</span> <span class='ocrx_word' id='word_1_271' title='bbox 1092 3569 1217 3630; x_wconf 84' lang='lat' dir='ltr'>virtute</span> <span class='ocrx_word' id='word_1_272' title='bbox 1241 3567 1450 3642; x_wconf 88' lang='lat' dir='ltr'>obedienoiae,</span> 
     </span>
     <span class='ocr_line' id='line_1_34' title="bbox 303 3661 1451 3745; baseline -0.002 -21"><span class='ocrx_word' id='word_1_273' title='bbox 303 3667 338 3724; x_wconf 90' lang='lat' dir='ltr'>et</span> <span class='ocrx_word' id='word_1_274' title='bbox 353 3661 413 3723; x_wconf 92' lang='lat' dir='ltr'>sub</span> <span class='ocrx_word' id='word_1_275' title='bbox 427 3682 522 3743; x_wconf 86' lang='lat' dir='ltr'>poena</span> <span class='ocrx_word' id='word_1_276' title='bbox 544 3664 758 3726; x_wconf 90' lang='lat' dir='ltr'>districcionis</span> <span class='ocrx_word' id='word_1_277' title='bbox 781 3666 952 3741; x_wconf 89' lang='lat' dir='ltr'>canonicae,</span> <span class='ocrx_word' id='word_1_278' title='bbox 968 3664 1106 3726; x_wconf 86' lang='lat' dir='ltr'>firmiter</span> <span class='ocrx_word' id='word_1_279' title='bbox 1132 3662 1355 3745; x_wconf 86' lang='lat' dir='ltr'>injungentes,</span> <span class='ocrx_word' id='word_1_280' title='bbox 1371 3681 1451 3742; x_wconf 89' lang='lat' dir='ltr'>qua-</span> 
     </span>
     <span class='ocr_line' id='line_1_35' title="bbox 304 3758 1451 3842; baseline -0.001 -24"><span class='ocrx_word' id='word_1_281' title='bbox 304 3759 395 3819; x_wconf 92' lang='lat' dir='ltr'>tinus</span> <span class='ocrx_word' id='word_1_282' title='bbox 411 3759 621 3820; x_wconf 89' lang='lat' dir='ltr'>senescallum</span> <span class='ocrx_word' id='word_1_283' title='bbox 645 3759 779 3841; x_wconf 90' lang='lat' dir='ltr'>capituli</span> <span class='ocrx_word' id='word_1_284' title='bbox 802 3761 904 3821; x_wconf 93' lang='lat' dir='ltr'>nostri</span> <span class='ocrx_word' id='word_1_285' title='bbox 927 3759 1052 3842; x_wconf 70' lang='lat' dir='ltr'>Rypon&#39;</span> <span class='ocrx_word' id='word_1_286' title='bbox 1066 3758 1224 3841; x_wconf 87' lang='lat' dir='ltr'>praedicti,</span> <span class='ocrx_word' id='word_1_287' title='bbox 1240 3758 1392 3839; x_wconf 87' lang='lat' dir='ltr'>canonice</span> <span class='ocrx_word' id='word_1_288' title='bbox 1414 3776 1451 3818; x_wconf 89' lang='grc'>66</span> 
     </span>
     <span class='ocr_line' id='line_1_36' title="bbox 303 3852 1452 3936; baseline -0.001 -22"><span class='ocrx_word' id='word_1_289' title='bbox 303 3854 520 3936; x_wconf 87' lang='lat' dir='ltr'>peremptorie</span> <span class='ocrx_word' id='word_1_290' title='bbox 535 3856 706 3933; x_wconf 89' lang='lat' dir='ltr'>moneatis,</span> <span class='ocrx_word' id='word_1_291' title='bbox 722 3861 761 3918; x_wconf 93' lang='lat' dir='ltr'>ut</span> <span class='ocrx_word' id='word_1_292' title='bbox 782 3854 866 3916; x_wconf 87' lang='lat' dir='ltr'>infra</span> <span class='ocrx_word' id='word_1_293' title='bbox 880 3855 1027 3917; x_wconf 91' lang='lat' dir='ltr'>triduum</span> <span class='ocrx_word' id='word_1_294' title='bbox 1050 3875 1069 3916; x_wconf 89' lang='grc'>6</span> <span class='ocrx_word' id='word_1_295' title='bbox 1090 3859 1236 3934; x_wconf 89' lang='lat' dir='ltr'>tempore</span> <span class='ocrx_word' id='word_1_296' title='bbox 1261 3852 1452 3914; x_wconf 91' lang='lat' dir='ltr'>monicionis</span> 
     </span>
     <span class='ocr_line' id='line_1_37' title="bbox 305 3947 1453 4032; baseline -0.003 -20"><span class='ocrx_word' id='word_1_297' title='bbox 305 3948 494 4031; x_wconf 90' lang='lat' dir='ltr'>hujusmodi</span> <span class='ocrx_word' id='word_1_298' title='bbox 532 3951 593 4012; x_wconf 94' lang='lat' dir='ltr'>sibi</span> <span class='ocrx_word' id='word_1_299' title='bbox 623 3950 729 4028; x_wconf 85' lang='lat' dir='ltr'>factae,</span> <span class='ocrx_word' id='word_1_300' title='bbox 759 3950 875 4012; x_wconf 87' lang='lat' dir='ltr'>catalla</span> <span class='ocrx_word' id='word_1_301' title='bbox 911 3951 1067 4032; x_wconf 84' lang='lat' dir='ltr'>praedicta</span> <span class='ocrx_word' id='word_1_302' title='bbox 1095 3949 1304 4032; x_wconf 89' lang='lat' dir='ltr'>integraliter</span> <span class='ocrx_word' id='word_1_303' title='bbox 1333 3947 1453 4010; x_wconf 87' lang='lat' dir='ltr'>ballivo</span> 
     </span>
     <span class='ocr_line' id='line_1_38' title="bbox 305 4043 1453 4127; baseline -0.003 -20"><span class='ocrx_word' id='word_1_304' title='bbox 305 4051 416 4107; x_wconf 90' lang='lat' dir='ltr'>nostro</span> <span class='ocrx_word' id='word_1_305' title='bbox 441 4046 614 4108; x_wconf 88' lang='lat' dir='ltr'>restituere</span> <span class='ocrx_word' id='word_1_306' title='bbox 640 4067 707 4108; x_wconf 91' lang='lat' dir='ltr'>non</span> <span class='ocrx_word' id='word_1_307' title='bbox 729 4048 871 4122; x_wconf 91' lang='lat' dir='ltr'>omittat,</span> <span class='ocrx_word' id='word_1_308' title='bbox 897 4045 957 4107; x_wconf 91' lang='lat' dir='ltr'>sub</span> <span class='ocrx_word' id='word_1_309' title='bbox 978 4065 1075 4127; x_wconf 88' lang='lat' dir='ltr'>poena</span> <span class='ocrx_word' id='word_1_310' title='bbox 1105 4043 1453 4106; x_wconf 86' lang='lat' dir='ltr'>excommunicacionis</span> 
     </span>
     <span class='ocr_line' id='line_1_39' title="bbox 305 4137 1454 4222; baseline -0.003 -21"><span class='ocrx_word' id='word_1_311' title='bbox 305 4140 446 4222; x_wconf 89' lang='lat' dir='ltr'>majoris,</span> <span class='ocrx_word' id='word_1_312' title='bbox 470 4160 579 4221; x_wconf 91' lang='lat' dir='ltr'>quam,</span> <span class='ocrx_word' id='word_1_313' title='bbox 611 4144 638 4203; x_wconf 92' lang='lat' dir='ltr'>si</span> <span class='ocrx_word' id='word_1_314' title='bbox 664 4144 698 4205; x_wconf 95' lang='lat' dir='ltr'>id</span> <span class='ocrx_word' id='word_1_315' title='bbox 719 4142 823 4204; x_wconf 88' lang='lat' dir='ltr'>facere</span> <span class='ocrx_word' id='word_1_316' title='bbox 848 4142 1091 4222; x_wconf 90' lang='lat' dir='ltr'>contempserit,</span> <span class='ocrx_word' id='word_1_317' title='bbox 1116 4142 1151 4201; x_wconf 94' lang='lat' dir='ltr'>in</span> <span class='ocrx_word' id='word_1_318' title='bbox 1179 4159 1349 4221; x_wconf 86' lang='lat' dir='ltr'>personam</span> <span class='ocrx_word' id='word_1_319' title='bbox 1371 4137 1454 4220; x_wconf 89' lang='lat' dir='ltr'>ejus,</span> 
     </span>
     <span class='ocr_line' id='line_1_40' title="bbox 305 4234 1454 4317; baseline -0.002 -21"><span class='ocrx_word' id='word_1_320' title='bbox 305 4234 494 4317; x_wconf 90' lang='lat' dir='ltr'>hujusmodi</span> <span class='ocrx_word' id='word_1_321' title='bbox 525 4238 677 4299; x_wconf 90' lang='lat' dir='ltr'>canonica</span> <span class='ocrx_word' id='word_1_322' title='bbox 706 4238 888 4300; x_wconf 89' lang='lat' dir='ltr'>monicione</span> <span class='ocrx_word' id='word_1_323' title='bbox 925 4235 1100 4317; x_wconf 90' lang='lat' dir='ltr'>praemissa,</span> <span class='ocrx_word' id='word_1_324' title='bbox 1130 4234 1350 4296; x_wconf 89' lang='lat' dir='ltr'>incontinenti</span> <span class='ocrx_word' id='word_1_325' title='bbox 1380 4236 1454 4313; x_wconf 92' lang='lat' dir='ltr'>post</span> 
     </span>
     <span class='ocr_line' id='line_1_41' title="bbox 306 4327 1454 4415; baseline -0.003 -24"><span class='ocrx_word' id='word_1_326' title='bbox 306 4331 432 4411; x_wconf 89' lang='lat' dir='ltr'>lapsum</span> <span class='ocrx_word' id='word_1_327' title='bbox 448 4331 528 4392; x_wconf 89' lang='lat' dir='ltr'>dicti</span> <span class='ocrx_word' id='word_1_328' title='bbox 543 4333 656 4410; x_wconf 90' lang='lat' dir='ltr'>tridui,</span> <span class='ocrx_word' id='word_1_329' title='bbox 672 4354 730 4415; x_wconf 88' lang='lat' dir='ltr'>per</span> <span class='ocrx_word' id='word_1_330' title='bbox 744 4354 811 4410; x_wconf 90' lang='lat' dir='ltr'>vos,</span> <span class='ocrx_word' id='word_1_331' title='bbox 827 4332 1020 4395; x_wconf 89' lang='lat' dir='ltr'>auctoritate</span> <span class='ocrx_word' id='word_1_332' title='bbox 1031 4335 1144 4392; x_wconf 87' lang='lat' dir='ltr'>nostra</span> <span class='ocrx_word' id='word_1_333' title='bbox 1154 4329 1288 4411; x_wconf 86' lang='lat' dir='ltr'>proferri</span> <span class='ocrx_word' id='word_1_334' title='bbox 1304 4327 1454 4390; x_wconf 89' lang='lat' dir='ltr'>volumus</span> 
     </span>
    </p>
   </div>
   <div class='ocr_carea' id='block_1_8' title="bbox 197 4423 1456 4514">
    <p class='ocr_par' dir='ltr' id='par_1_10' title="bbox 197 4423 1456 4514">
     <span class='ocr_line' id='line_1_42' title="bbox 197 4423 1456 4514; baseline -0.002 -28"><span class='ocrx_word' id='word_1_335' title='bbox 197 4509 199 4514; x_wconf 10' lang='grc' dir='ltr'><strong>λ</strong></span> <span class='ocrx_word' id='word_1_336' title='bbox 309 4428 391 4486; x_wconf 91' lang='lat' dir='ltr'>etin</span> <span class='ocrx_word' id='word_1_337' title='bbox 408 4427 546 4513; x_wconf 88' lang='lat' dir='ltr'>scriptis,</span> <span class='ocrx_word' id='word_1_338' title='bbox 562 4428 734 4509; x_wconf 92' lang='lat' dir='ltr'>ipsumque</span> <span class='ocrx_word' id='word_1_339' title='bbox 759 4429 803 4489; x_wconf 92' lang='lat' dir='ltr'>sic</span> <span class='ocrx_word' id='word_1_340' title='bbox 819 4428 1134 4514; x_wconf 81' lang='lat' dir='ltr'>excommunicatum</span> <span class='ocrx_word' id='word_1_341' title='bbox 1150 4425 1280 4506; x_wconf 89' lang='lat' dir='ltr'>publice</span> <span class='ocrx_word' id='word_1_342' title='bbox 1295 4423 1456 4500; x_wconf 72' lang='lat' dir='ltr'>nunciati,</span> 
     </span>
    </p>
   </div>
   <div class='ocr_carea' id='block_1_9' title="bbox 0 0 1557 5032">
    <p class='ocr_par' dir='ltr' id='par_1_11' title="bbox 0 0 1557 5032">
     <span class='ocr_line' id='line_1_43' title="bbox 0 0 1557 5032; baseline 0 0"><span class='ocrx_word' id='word_1_343' title='bbox 0 0 1557 5032; x_wconf 95' lang='lat' dir='ltr'> </span> 
     </span>
    </p>
   </div>
  </div>
 </body>
</html>
