3074 5032
100 325 174 397 124
638 342 846 395 unuonuns
872 341 916 394 or
942 341 1061 393 RIPON.

79 553 86 559 .
99 524 127 568 de
139 522 212 592 sicr·
276 511 448 589 Robertus,
458 512 520 572 Dei
528 511 635 595 gracia
646 510 855 573 Cicestrensis
871 511 1050 593 episcopus,
1062 509 1183 571 virtute
1195 509 1427 571 commissionis

99 597 250 699 sssscul’fig'jm
274 614 391 669 nostrae
416 609 451 668 in
475 606 535 668 hac
561 611 653 688 parte
678 608 739 669 sibi
763 607 856 669 factae
879 653 887 670 .
913 653 920 668 .
944 607 1136 689 magistrum
1159 605 1361 666 Willelmum
1385 606 1426 668 de

274 702 454 785 Alberwyk‚
471 702 697 764 cancellarium
714 703 855 765 ecclesiae
870 708 988 764 nostrae
998 703 1158 783 praedictae
1167 702 1208 763 ad
1219 701 1426 783 praebendam

274 800 315 860 de
331 797 517 861 Sharrhowe
532 800 567 859 in
584 798 852 881 ecolesiaRypon’
863 799 1020 880 praedict,
1030 818 1128 879 quam
1139 796 1425 860 dominusWillel-

274 914 348 955 mus
371 895 412 957 de
438 895 558 977 Feriby
585 914 689 975 nuper
716 896 861 976 optinuit
886 895 921 955 in
945 894 1069 971 eadem,
1090 915 1148 975 per
1168 894 1423 976 resignacionem

274 988 432 1052 Johannis
452 991 589 1052 Walteri
612 991 652 1052 de
675 990 805 1072 Feriby,
821 991 1033 1070 procuratoris
1050 989 1207 1070 ejusdem,
1222 991 1257 1050 in
1272 989 1422 1050 manibus

275 1086 355 1147 dicti
379 1086 572 1148 venerabilis
596 1086 697 1166 patris
724 1083 841 1145 factam
869 1105 908 1145 ex
935 1104 1029 1145 causa
1055 1085 1306 1164 permutacionis
1328 1084 1422 1146 factas

275 1202 349 1242 cum
364 1180 486 1262 capella
498 1181 537 1242 de
549 1180 726 1261 Malerpast
737 1180 772 1240 in
785 1179 906 1260 capella
913 1179 1010 1240 castri
1021 1177 1182 1262 Hastyng'
1194 1179 1201 1214 ¹
1214 1178 1422 1242 cicestrensis

274 1277 431 1353 dioecesis,
447 1296 543 1357 quarn
560 1276 647 1337 idem
662 1277 819 1357 magister
828 1275 1012 1336 Willelmus
1027 1275 1116 1356 prius
1132 1275 1287 1355 optinuit,
1302 1275 1422 1336 admis-

276 1393 329 1434 sus
353 1378 405 1434 est
427 1377 461 1433 et
483 1373 518 1432 in
534 1372 647 1432 eadem
667 1373 818 1432 canonice
834 1372 1028 1446 institutus3
1051 1370 1143 1452 cujus
1159 1372 1260 1432 eciam
1275 1371 1424 1454 magistri

274 1467 433 1530 Willelmi
450 1468 637 1528 canonicam
649 1465 870 1528 obedienciam
884 1467 1066 1548 recepimus
1081 1467 1117 1526 in
1131 1464 1192 1527 hac
1206 1470 1317 1547 parte3
1332 1465 1422 1527 vobis

275 1565 466 1626 mandamus
485 1564 637 1644 quatinus
653 1564 736 1624 circa
750 1561 922 1644 praefatum
943 1563 1137 1646 magistrum
1152 1562 1355 1623 Willelmum
1371 1561 1423 1623 vel

274 1664 513 1743 procuratorem
529 1680 623 1720 suum
640 1660 710 1740 ejus
726 1660 857 1720 nomine
880 1658 1016 1720 ulterius
1032 1658 1237 1740 exequamini
1259 1659 1294 1719 in
1318 1658 1422 1720 omni-

274 1757 336 1819 bus
358 1757 444 1839 quod
467 1761 518 1817 est
541 1760 696 1817 vestrum.
741 1753 833 1817 Vale.
882 1755 958 1816 Dat.
974 1754 1068 1817 Ebor.
1084 1776 1135 1817 xv.
1152 1754 1249 1817 Kaln.
1265 1753 1423 1832 Janunrfi,

272 1852 367 1914 Anno
382 1852 514 1914 Domini
530 1851 702 1912 millesimo
717 1851 852 1912 occ⁰¹⁰xl⁰
867 1851 982 1932 primo.

436 2069 628 2124 REGISTER
646 2069 694 2123 OF
712 2069 796 2124 ABP.
815 2067 1040 2137 nauffinna.
1055 2070 1241 2126 1342-1352.

341 2175 466 2240 Prima
494 2174 649 2240 visitacio
687 2175 836 2261 capituli
869 2175 1008 2240 ecclcsioe
1038 2177 1172 2262 Rypon’
1199 2200 1265 2264 per
1296 2180 1419 2245 Zocclt.

275 2271 407 2358 (Notice
422 2273 471 2335 for
489 2276 528 2334 18
545 2274 626 2336 Nov.
671 2272 855 2335 Munketon
873 2275 891 2336 6
908 2274 991 2337 Nov.
1010 2272 1123 2357 1344.)

340 2410 546 2472 Foundation
577 2409 612 2471 of
647 2409 826 2490 Plumpton
857 2409 1009 2493 Chautry.
1071 2411 1133 2474 See
1163 2413 1274 2492 above,
1305 2415 1368 2478 vol.
1399 2416 1422 2479 i.

275 2527 308 2588 p.
327 2509 400 2568 154.

342 2627 542 2693 commissio
568 2649 635 2713 pro
658 2626 878 2712 sapientibus
905 2629 952 2693 cci
978 2629 1236 2698 immunitatem
1258 2633 1421 2700 libertatis

275 2723 418 2808 Rypoo'.
464 2723 615 2810 (Felones
639 2747 696 2787 seu
718 2747 788 2787 reos
811 2727 851 2789 de
874 2725 1059 2792 homicidio.
1104 2731 1284 2795 Addressed
1299 2738 1333 2795 to
1350 2733 1421 2796 four

273 2822 466 2903 presbyters.
511 2821 629 2902 Ripon,
645 2825 687 2882 20
704 2821 792 2902 Sept.
811 2820 924 2908 1345.)

342 2955 486 3022 Oollccio
510 2956 673 3021 ccatorioe
696 2956 737 3021 in
759 2957 888 3043 capella
909 2958 1009 3043 infru
1031 2961 1229 3027 manerium
1244 2964 1419 3050 Ripooioe.

274 3052 402 3139 (Refers
417 3059 451 3115 to
468 3054 668 3116 Grenefeld's
683 3054 884 3119 foundation.
933 3057 993 3119 See
1009 3060 1070 3120 vol.
1087 3059 1109 3122 i.
1126 3081 1157 3142 p.
1176 3059 1249 3123 157.

341 3150 391 3213 On
407 3151 606 3231 deprivation
623 3150 659 3211 of
678 3151 776 3213 Peter
790 3151 830 3213 de
846 3152 982 3231 Burton,
999 3155 1102 3217 Adam
1125 3157 1165 3218 de
1181 3156 1376 3222 Prestewold
1391 3161 1421 3221 is

273 3246 620 3328 appointed—Ripon’,
635 3248 671 3308 in
686 3247 808 3329 capella
822 3252 1019 3327 memorata’,
1037 3255 1076 3313 12
1094 3253 1171 3315 Dec.
1190 3254 1303 3341 1347.)

340 3380 489 3445 Monicio
512 3382 610 3466 sacto
636 3381 801 3464 capistro
831 3382 989 3448 Joltcnni
1011 3386 1051 3450 dc
1075 3387 1233 3453 Crobiali
1257 3390 1418 3455 canonico

274 3475 409 3540 oeclccicc
425 3475 551 3561 Ripori'
574 3497 613 3540 cc
633 3475 870 3561 prccbcndcrio
890 3479 1080 3564 praebcndoe
1105 3483 1145 3547 dc
1159 3485 1418 3570 Sicyncweppes,

274 3574 364 3660 qaod
378 3574 523 3638 resideat
537 3574 578 3639 in
594 3574 746 3659 beneficio
762 3598 824 3641 suo
838 3577 900 3642 aab
913 3601 1017 3663 poenc
1024 3581 1132 3663 juris,
1149 3591 1203 3648 cic.

338 3677 440 3763 (Very
457 3679 604 3763 strongly
618 3681 811 3761 expressed.²
856 3681 973 3764 Ripon,
992 3688 1031 3746 13
1048 3686 1124 3749 Dec.
1143 3686 1255 3774 1348.)

327 3815 369 3884 (1)
389 3813 447 3868 The
468 3812 576 3885 Oollego
594 3832 624 3868 or
645 3814 713 3868 Fres
732 3814 835 3886 Ohapel
856 3816 887 3870 ο1
905 3817 946 3872 St.
966 3818 1044 3892 Mar-y
1063 3821 1091 3875 in
1112 3821 1209 3877 Oestro
1229 3830 1259 3878 at
1277 3825 1418 3897 Hastings.

271 3894 380 3962 Among
409 3891 457 3945 tho
486 3908 578 3945 names
603 3891 633 3946 of
659 3891 790 3963 prebends
814 3896 955 3967 occurring
979 3899 1008 3952 in
1031 3899 1078 3952 tho
1102 3899 1219 3973 bishops'
1243 3905 1366 3975 registers
1391 3914 1421 3959 at

271 3971 428 4027 Ohichester
448 3971 471 4024 is
492 3970 645 4043 ‘Marlpcs,'
666 3971 716 4025 but
737 3972 784 4027 the
806 3972 936 4029 situation
958 3976 989 4029 ο1
1006 3977 1060 4031 this
1079 3979 1195 4050 prebend
1216 3981 1266 4036 has
1286 3991 1335 4038 not
1352 3985 1421 4039 been

271 4050 419 4104 identified.

326 4130 368 4199 (2)
387 4129 433 4182 He
444 4128 499 4182 had
512 4146 528 4182 a
539 4128 638 4183 liconcc
651 4129 683 4183 of
695 4131 807 4186 absence
818 4132 862 4185 for
873 4151 924 4188 ono
936 4153 1007 4205 year,
1019 4137 1078 4190 Oct.
1091 4139 1135 4206 22,
1149 4139 1219 4192 1344
1233 4141 1279 4210 (fo.
1293 4142 1345 4195 291
1358 4144 1397 4211 v.)
1412 4164 1419 4211 ;

271 4208 322 4261 aud
340 4208 419 4278 again
440 4208 509 4260 Mar.
531 4209 557 4274 6,
578 4209 648 4262 1359
665 4209 823 4281 (Thoresby,
835 4211 871 4266 1ο.
884 4214 932 4281 44)
955 4215 965 4270 1
971 4217 1094 4287 ‘propter
1111 4217 1314 4274 molestaciones
1333 4227 1361 4273 et
1379 4221 1420 4274 in-

269 4286 447 4357 quiotaoioues
459 4286 620 4358 multiplices
639 4305 767 4359 perquam
784 4308 886 4360 graves,
904 4299 932 4345 st
949 4292 1059 4349 insidias
1077 4296 1234 4367 periculosas
1246 4316 1307 4370 quas
1320 4299 1372 4354 tibi
1391 4307 1420 4356 ot

268 4364 325 4418 tuis
343 4383 390 4436 per
408 4365 548 4419 nonnullos
567 4371 626 4420 tuos
647 4368 759 4421 aemulos
779 4372 946 4442 satagentes,'
965 4374 1039 4441 eto).
1088 4374 1134 4430 He
1154 4376 1208 4431 bad
1227 4377 1349 4448 resigned
1370 4379 1418 4435 tho

268 4441 354 4514 Hosp.
365 4443 396 4497 ο1
405 4442 445 4497 St.
459 4443 497 4495 M.
511 4443 548 4495 M.
563 4445 633 4514 Aug.
650 4445 691 4513 14,
706 4446 774 4499 1368
788 4448 835 4517 (fo.
849 4449 906 4519 66).
