<?xml version="1.0" encoding="UTF-8"?>
<!DOCTYPE html PUBLIC "-//W3C//DTD XHTML 1.0 Transitional//EN"
    "http://www.w3.org/TR/xhtml1/DTD/xhtml1-transitional.dtd">
<html xmlns="http://www.w3.org/1999/xhtml" xml:lang="en" lang="en">
 <head>
  <title>
</title>
<meta http-equiv="Content-Type" content="text/html;charset=utf-8" />
  <meta name='ocr-system' content='tesseract 3.04.00' />
  <meta name='ocr-capabilities' content='ocr_page ocr_carea ocr_par ocr_line ocrx_word'/>
</head>
<body>
  <div class='ocr_page' id='page_1' title='image "./memorialschurch02fowlgoog_0167.png"; bbox 0 0 3074 5032; ppageno 0'>
   <div class='ocr_carea' id='block_1_1' title="bbox 92 300 1052 372">
    <p class='ocr_par' dir='ltr' id='par_1_1' title="bbox 92 300 1052 372">
     <span class='ocr_line' id='line_1_1' title="bbox 92 300 1052 372; baseline -0.006 0"><span class='ocrx_word' id='word_1_1' title='bbox 92 300 164 372; x_wconf 80' lang='lat'>150</span> <span class='ocrx_word' id='word_1_2' title='bbox 627 317 835 370; x_wconf 75' lang='lat' dir='ltr'>usnonrans</span> <span class='ocrx_word' id='word_1_3' title='bbox 861 317 905 368; x_wconf 84' lang='lat' dir='ltr'>or</span> <span class='ocrx_word' id='word_1_4' title='bbox 930 315 1052 368; x_wconf 79' lang='lat' dir='ltr'>araon.</span> 
     </span>
    </p>
   </div>
   <div class='ocr_carea' id='block_1_2' title="bbox 91 481 1460 857">
    <p class='ocr_par' dir='ltr' id='par_1_2' title="bbox 91 481 1460 857">
     <span class='ocr_line' id='line_1_2' title="bbox 91 481 1417 569; baseline -0.002 -25"><span class='ocrx_word' id='word_1_5' title='bbox 91 497 236 545; x_wconf 64' lang='lat' dir='ltr'>denudatos</span> <span class='ocrx_word' id='word_1_6' title='bbox 267 488 351 551; x_wconf 89' lang='lat' dir='ltr'>alius</span> <span class='ocrx_word' id='word_1_7' title='bbox 365 489 516 550; x_wconf 79' lang='lat' dir='ltr'>minister</span> <span class='ocrx_word' id='word_1_8' title='bbox 531 487 673 550; x_wconf 89' lang='lat' dir='ltr'>ecclesiae</span> <span class='ocrx_word' id='word_1_9' title='bbox 687 487 850 569; x_wconf 88' lang='lat' dir='ltr'>praedictae</span> <span class='ocrx_word' id='word_1_10' title='bbox 865 483 986 549; x_wconf 89' lang='lat' dir='ltr'>habens</span> <span class='ocrx_word' id='word_1_11' title='bbox 1007 504 1137 547; x_wconf 89' lang='lat' dir='ltr'>causam</span> <span class='ocrx_word' id='word_1_12' title='bbox 1152 481 1365 544; x_wconf 87' lang='lat' dir='ltr'>necessariam</span> <span class='ocrx_word' id='word_1_13' title='bbox 1382 499 1417 542; x_wconf 88' lang='lat' dir='ltr'>se</span> 
     </span>
     <span class='ocr_line' id='line_1_3' title="bbox 91 557 1418 675; baseline -0.008 -28"><span class='ocrx_word' id='word_1_14' title='bbox 91 557 224 675; x_wconf 47' lang='lat' dir='ltr'>tssfffflm</span> <span class='ocrx_word' id='word_1_15' title='bbox 266 585 461 647; x_wconf 88' lang='lat' dir='ltr'>absentandi</span> <span class='ocrx_word' id='word_1_16' title='bbox 484 584 525 646; x_wconf 88' lang='lat' dir='ltr'>ab</span> <span class='ocrx_word' id='word_1_17' title='bbox 550 583 684 646; x_wconf 89' lang='lat' dir='ltr'>ecclesia</span> <span class='ocrx_word' id='word_1_18' title='bbox 698 583 863 665; x_wconf 88' lang='lat' dir='ltr'>praedicta,</span> <span class='ocrx_word' id='word_1_19' title='bbox 879 581 920 643; x_wconf 91' lang='lat' dir='ltr'>ab</span> <span class='ocrx_word' id='word_1_20' title='bbox 942 581 1044 662; x_wconf 91' lang='lat' dir='ltr'>ipsius</span> <span class='ocrx_word' id='word_1_21' title='bbox 1063 580 1205 642; x_wconf 90' lang='lat' dir='ltr'>ecclesiae</span> <span class='ocrx_word' id='word_1_22' title='bbox 1220 580 1418 661; x_wconf 74' lang='lat' dir='ltr'>praecentore</span> 
     </span>
     <span class='ocr_line' id='line_1_4' title="bbox 92 672 1419 793; baseline -0.009 -49"><span class='ocrx_word' id='word_1_23' title='bbox 92 676 225 793; x_wconf 51' lang='lat' dir='ltr'>{fflffigff</span> <span class='ocrx_word' id='word_1_24' title='bbox 267 681 435 742; x_wconf 81' lang='lat' dir='ltr'>licenciam</span> <span class='ocrx_word' id='word_1_25' title='bbox 464 685 557 763; x_wconf 90' lang='lat' dir='ltr'>petat</span> <span class='ocrx_word' id='word_1_26' title='bbox 582 685 617 742; x_wconf 90' lang='lat' dir='ltr'>et</span> <span class='ocrx_word' id='word_1_27' title='bbox 643 700 716 740; x_wconf 90' lang='lat' dir='ltr'>eam</span> <span class='ocrx_word' id='word_1_28' title='bbox 742 679 901 761; x_wconf 88' lang='lat' dir='ltr'>optineat,</span> <span class='ocrx_word' id='word_1_29' title='bbox 927 677 1072 758; x_wconf 89' lang='lat' dir='ltr'>alioquin</span> <span class='ocrx_word' id='word_1_30' title='bbox 1099 677 1127 739; x_wconf 90' lang='lat' dir='ltr'>si</span> <span class='ocrx_word' id='word_1_31' title='bbox 1157 695 1270 737; x_wconf 91' lang='lat' dir='ltr'>eorum</span> <span class='ocrx_word' id='word_1_32' title='bbox 1300 672 1419 754; x_wconf 89' lang='lat' dir='ltr'>aliquis</span> 
     </span>
     <span class='ocr_line' id='line_1_5' title="bbox 94 770 1460 857; baseline -0.007 -18"><span class='ocrx_word' id='word_1_33' title='bbox 94 793 211 839; x_wconf 75' lang='lat' dir='ltr'>Leaveof</span> <span class='ocrx_word' id='word_1_34' title='bbox 269 777 382 839; x_wconf 83' lang='lat' dir='ltr'>absens</span> <span class='ocrx_word' id='word_1_35' title='bbox 406 777 514 838; x_wconf 87' lang='lat' dir='ltr'>fuerat</span> <span class='ocrx_word' id='word_1_36' title='bbox 537 796 556 837; x_wconf 92' lang='lat' dir='ltr'>a</span> <span class='ocrx_word' id='word_1_37' title='bbox 581 775 677 837; x_wconf 95' lang='lat' dir='ltr'>choro</span> <span class='ocrx_word' id='word_1_38' title='bbox 701 775 855 857; x_wconf 90' lang='lat' dir='ltr'>praedicto</span> <span class='ocrx_word' id='word_1_39' title='bbox 878 779 990 835; x_wconf 89' lang='lat' dir='ltr'>contra</span> <span class='ocrx_word' id='word_1_40' title='bbox 1013 773 1150 834; x_wconf 89' lang='lat' dir='ltr'>formam</span> <span class='ocrx_word' id='word_1_41' title='bbox 1176 770 1419 834; x_wconf 87' lang='lat' dir='ltr'>ordinacionum</span> <span class='ocrx_word' id='word_1_42' title='bbox 1457 791 1460 796; x_wconf 91' lang='lat'>·</span> 
     </span>
    </p>
   </div>
   <div class='ocr_carea' id='block_1_3' title="bbox 94 853 1419 958">
    <p class='ocr_par' dir='ltr' id='par_1_3' title="bbox 94 853 1419 958">
     <span class='ocr_line' id='line_1_6' title="bbox 94 853 1419 958; baseline -0.012 -18"><span class='ocrx_word' id='word_1_43' title='bbox 94 853 246 958; x_wconf 52' lang='lat' dir='ltr'>{lffffissd</span> <span class='ocrx_word' id='word_1_44' title='bbox 271 875 508 954; x_wconf 88' lang='lat' dir='ltr'>praedictarum,</span> <span class='ocrx_word' id='word_1_45' title='bbox 539 873 642 934; x_wconf 88' lang='lat' dir='ltr'>solvat</span> <span class='ocrx_word' id='word_1_46' title='bbox 671 892 729 954; x_wconf 91' lang='lat' dir='ltr'>pro</span> <span class='ocrx_word' id='word_1_47' title='bbox 766 871 913 953; x_wconf 91' lang='lat' dir='ltr'>qualibet</span> <span class='ocrx_word' id='word_1_48' title='bbox 942 868 1020 931; x_wconf 89' lang='lat' dir='ltr'>hora</span> <span class='ocrx_word' id='word_1_49' title='bbox 1049 871 1149 930; x_wconf 90' lang='lat' dir='ltr'>trium</span> <span class='ocrx_word' id='word_1_50' title='bbox 1189 865 1419 950; x_wconf 87' lang='lat' dir='ltr'>principalium</span> 
     </span>
    </p>
   </div>
   <div class='ocr_carea' id='block_1_4' title="bbox 53 967 1427 3840">
    <p class='ocr_par' dir='ltr' id='par_1_4' title="bbox 93 967 1420 1437">
     <span class='ocr_line' id='line_1_7' title="bbox 94 967 1419 1075; baseline -0.008 -43"><span class='ocrx_word' id='word_1_51' title='bbox 94 971 224 1075; x_wconf 54' lang='lat' dir='ltr'>ffiffi,</span> <span class='ocrx_word' id='word_1_52' title='bbox 270 968 431 1046; x_wconf 90' lang='lat' dir='ltr'>horarum,</span> <span class='ocrx_word' id='word_1_53' title='bbox 461 969 614 1031; x_wconf 89' lang='lat' dir='ltr'>videlicet</span> <span class='ocrx_word' id='word_1_54' title='bbox 643 968 891 1043; x_wconf 91' lang='lat' dir='ltr'>matutinarum,</span> <span class='ocrx_word' id='word_1_55' title='bbox 920 967 1105 1043; x_wconf 89' lang='lat' dir='ltr'>missarum,</span> <span class='ocrx_word' id='word_1_56' title='bbox 1136 969 1170 1026; x_wconf 94' lang='lat' dir='ltr'>et</span> <span class='ocrx_word' id='word_1_57' title='bbox 1200 979 1419 1045; x_wconf 89' lang='lat' dir='ltr'>vesperarum,</span> 
     </span>
     <span class='ocr_line' id='line_1_8' title="bbox 93 1057 1419 1158; baseline -0.008 -30"><span class='ocrx_word' id='word_1_58' title='bbox 93 1112 171 1158; x_wconf 72' lang='lat' dir='ltr'>aines.</span> <span class='ocrx_word' id='word_1_59' title='bbox 225 1064 230 1076; x_wconf 87' lang='lat'>&#39;</span> <span class='ocrx_word' id='word_1_60' title='bbox 271 1086 375 1126; x_wconf 93' lang='lat' dir='ltr'>unum</span> <span class='ocrx_word' id='word_1_61' title='bbox 389 1065 570 1142; x_wconf 89' lang='lat' dir='ltr'>denarium,</span> <span class='ocrx_word' id='word_1_62' title='bbox 586 1084 684 1146; x_wconf 92' lang='lat' dir='ltr'>quam</span> <span class='ocrx_word' id='word_1_63' title='bbox 699 1084 829 1146; x_wconf 89' lang='lat' dir='ltr'>poenam</span> <span class='ocrx_word' id='word_1_64' title='bbox 846 1063 912 1124; x_wconf 83' lang='lat' dir='ltr'>sive</span> <span class='ocrx_word' id='word_1_65' title='bbox 935 1062 1075 1122; x_wconf 89' lang='lat' dir='ltr'>multam</span> <span class='ocrx_word' id='word_1_66' title='bbox 1090 1060 1194 1122; x_wconf 88' lang='lat' dir='ltr'>dividi</span> <span class='ocrx_word' id='word_1_67' title='bbox 1209 1059 1360 1121; x_wconf 89' lang='lat' dir='ltr'>volumus</span> <span class='ocrx_word' id='word_1_68' title='bbox 1382 1057 1419 1118; x_wconf 92' lang='lat' dir='ltr'>in</span> 
     </span>
     <span class='ocr_line' id='line_1_9' title="bbox 270 1153 1419 1244; baseline -0.009 -21"><span class='ocrx_word' id='word_1_69' title='bbox 270 1166 337 1223; x_wconf 89' lang='lat' dir='ltr'>tres</span> <span class='ocrx_word' id='word_1_70' title='bbox 362 1167 483 1244; x_wconf 89' lang='lat' dir='ltr'>partes,</span> <span class='ocrx_word' id='word_1_71' title='bbox 507 1181 608 1221; x_wconf 87' lang='lat' dir='ltr'>unam</span> <span class='ocrx_word' id='word_1_72' title='bbox 639 1160 792 1222; x_wconf 88' lang='lat' dir='ltr'>videlicet</span> <span class='ocrx_word' id='word_1_73' title='bbox 825 1157 1047 1240; x_wconf 88' lang='lat' dir='ltr'>praebendario</span> <span class='ocrx_word' id='word_1_74' title='bbox 1078 1158 1119 1219; x_wconf 91' lang='lat' dir='ltr'>dc</span> <span class='ocrx_word' id='word_1_75' title='bbox 1152 1155 1352 1237; x_wconf 85' lang='lat' dir='ltr'>Stanwigges</span> <span class='ocrx_word' id='word_1_76' title='bbox 1382 1153 1419 1213; x_wconf 92' lang='lat' dir='ltr'>in</span> 
     </span>
     <span class='ocr_line' id='line_1_10' title="bbox 270 1249 1420 1336; baseline -0.008 -18"><span class='ocrx_word' id='word_1_77' title='bbox 270 1258 418 1320; x_wconf 84' lang='lat' dir='ltr'>absencia</span> <span class='ocrx_word' id='word_1_78' title='bbox 433 1257 570 1318; x_wconf 91' lang='lat' dir='ltr'>aliorum</span> <span class='ocrx_word' id='word_1_79' title='bbox 585 1257 823 1332; x_wconf 90' lang='lat' dir='ltr'>canonicorum,</span> <span class='ocrx_word' id='word_1_80' title='bbox 838 1255 934 1316; x_wconf 91' lang='lat' dir='ltr'>aliam</span> <span class='ocrx_word' id='word_1_81' title='bbox 948 1261 1074 1336; x_wconf 91' lang='lat' dir='ltr'>partem</span> <span class='ocrx_word' id='word_1_82' title='bbox 1090 1253 1262 1315; x_wconf 88' lang='lat' dir='ltr'>camerario</span> <span class='ocrx_word' id='word_1_83' title='bbox 1278 1249 1420 1312; x_wconf 80' lang='lat' dir='ltr'>ecclesiae</span> 
     </span>
     <span class='ocr_line' id='line_1_11' title="bbox 270 1347 1420 1437; baseline -0.008 -22"><span class='ocrx_word' id='word_1_84' title='bbox 270 1354 442 1437; x_wconf 78' lang='lat' dir='ltr'>praedictae,</span> <span class='ocrx_word' id='word_1_85' title='bbox 455 1359 487 1414; x_wconf 85' lang='lat' dir='ltr'>et</span> <span class='ocrx_word' id='word_1_86' title='bbox 504 1354 636 1414; x_wconf 76' lang='lat' dir='ltr'>terciam</span> <span class='ocrx_word' id='word_1_87' title='bbox 652 1352 880 1414; x_wconf 85' lang='lat' dir='ltr'>communitati</span> <span class='ocrx_word' id='word_1_88' title='bbox 894 1351 1085 1413; x_wconf 87' lang='lat' dir='ltr'>vicariorum</span> <span class='ocrx_word' id='word_1_89' title='bbox 1100 1349 1243 1411; x_wconf 87' lang='lat' dir='ltr'>ecclesiae</span> <span class='ocrx_word' id='word_1_90' title='bbox 1258 1347 1420 1429; x_wconf 85' lang='lat' dir='ltr'>praedictae</span> 
     </span>
    </p>

    <p class='ocr_par' dir='ltr' id='par_1_5' title="bbox 94 1443 1420 1916">
     <span class='ocr_line' id='line_1_12' title="bbox 94 1443 1419 1533; baseline -0.005 -25"><span class='ocrx_word' id='word_1_91' title='bbox 94 1463 145 1508; x_wconf 78' lang='lat' dir='ltr'>The</span> <span class='ocrx_word' id='word_1_92' title='bbox 156 1463 232 1509; x_wconf 59' lang='lat' dir='ltr'>acam</span> <span class='ocrx_word' id='word_1_93' title='bbox 271 1450 507 1533; x_wconf 87' lang='lat' dir='ltr'>applicandam.</span> <span class='ocrx_word' id='word_1_94' title='bbox 547 1450 635 1512; x_wconf 86' lang='lat' dir='ltr'>Item</span> <span class='ocrx_word' id='word_1_95' title='bbox 653 1450 730 1531; x_wconf 89' lang='lat' dir='ltr'>quia</span> <span class='ocrx_word' id='word_1_96' title='bbox 753 1449 974 1510; x_wconf 89' lang='lat' dir='ltr'>ordinaciones</span> <span class='ocrx_word' id='word_1_97' title='bbox 990 1448 1183 1510; x_wconf 88' lang='lat' dir='ltr'>vicariorum</span> <span class='ocrx_word' id='word_1_98' title='bbox 1199 1450 1233 1507; x_wconf 92' lang='lat' dir='ltr'>et</span> <span class='ocrx_word' id='word_1_99' title='bbox 1248 1443 1419 1527; x_wconf 87' lang='lat' dir='ltr'>pensiones</span> 
     </span>
     <span class='ocr_line' id='line_1_13' title="bbox 96 1523 1420 1640; baseline -0.008 -31"><span class='ocrx_word' id='word_1_100' title='bbox 96 1523 237 1640; x_wconf 51' lang='lat' dir='ltr'>gffiffi„</span> <span class='ocrx_word' id='word_1_101' title='bbox 270 1568 307 1608; x_wconf 90' lang='lat' dir='ltr'>ac</span> <span class='ocrx_word' id='word_1_102' title='bbox 338 1546 502 1628; x_wconf 88' lang='lat' dir='ltr'>stipendia</span> <span class='ocrx_word' id='word_1_103' title='bbox 531 1547 679 1607; x_wconf 90' lang='lat' dir='ltr'>omnium</span> <span class='ocrx_word' id='word_1_104' title='bbox 710 1550 745 1607; x_wconf 92' lang='lat' dir='ltr'>et</span> <span class='ocrx_word' id='word_1_105' title='bbox 775 1545 977 1627; x_wconf 85' lang='lat' dir='ltr'>singulorum</span> <span class='ocrx_word' id='word_1_106' title='bbox 1004 1544 1195 1606; x_wconf 89' lang='lat' dir='ltr'>vicariorum</span> <span class='ocrx_word' id='word_1_107' title='bbox 1222 1546 1257 1603; x_wconf 93' lang='lat' dir='ltr'>et</span> <span class='ocrx_word' id='word_1_108' title='bbox 1282 1539 1420 1601; x_wconf 87' lang='lat' dir='ltr'>aliorum</span> 
     </span>
     <span class='ocr_line' id='line_1_14' title="bbox 94 1639 1419 1745; baseline -0.007 -40"><span class='ocrx_word' id='word_1_109' title='bbox 94 1641 215 1745; x_wconf 52' lang='grc' dir='ltr'>ἱξξὴζῐῖξ·</span> <span class='ocrx_word' id='word_1_110' title='bbox 270 1644 528 1704; x_wconf 89' lang='lat' dir='ltr'>ministratorum</span> <span class='ocrx_word' id='word_1_111' title='bbox 554 1642 698 1703; x_wconf 87' lang='lat' dir='ltr'>ecclesiae</span> <span class='ocrx_word' id='word_1_112' title='bbox 723 1642 885 1723; x_wconf 88' lang='lat' dir='ltr'>praedictae</span> <span class='ocrx_word' id='word_1_113' title='bbox 908 1661 967 1723; x_wconf 89' lang='lat' dir='ltr'>per</span> <span class='ocrx_word' id='word_1_114' title='bbox 993 1641 1161 1703; x_wconf 91' lang='lat' dir='ltr'>dominum</span> <span class='ocrx_word' id='word_1_115' title='bbox 1184 1639 1419 1701; x_wconf 88' lang='lat' dir='ltr'>Eboracensem</span> 
     </span>
     <span class='ocr_line' id='line_1_15' title="bbox 94 1714 1420 1821; baseline -0.01 -16"><span class='ocrx_word' id='word_1_116' title='bbox 94 1714 215 1805; x_wconf 58' lang='lat' dir='ltr'>sinodos</span> <span class='ocrx_word' id='word_1_117' title='bbox 269 1737 547 1820; x_wconf 89' lang='lat' dir='ltr'>archiepiscopum</span> <span class='ocrx_word' id='word_1_118' title='bbox 571 1759 628 1819; x_wconf 91' lang='lat' dir='ltr'>pro</span> <span class='ocrx_word' id='word_1_119' title='bbox 652 1742 798 1821; x_wconf 89' lang='lat' dir='ltr'>tempore</span> <span class='ocrx_word' id='word_1_120' title='bbox 826 1738 1022 1800; x_wconf 84' lang='lat' dir='ltr'>existentem</span> <span class='ocrx_word' id='word_1_121' title='bbox 1051 1736 1193 1797; x_wconf 90' lang='lat' dir='ltr'>limitata</span> <span class='ocrx_word' id='word_1_122' title='bbox 1220 1733 1356 1795; x_wconf 91' lang='lat' dir='ltr'>fuerunt</span> <span class='ocrx_word' id='word_1_123' title='bbox 1385 1735 1420 1793; x_wconf 89' lang='lat' dir='ltr'>et</span> 
     </span>
     <span class='ocr_line' id='line_1_16' title="bbox 270 1828 1419 1916; baseline -0.007 -18"><span class='ocrx_word' id='word_1_124' title='bbox 270 1841 405 1914; x_wconf 89' lang='lat' dir='ltr'>statuta,</span> <span class='ocrx_word' id='word_1_125' title='bbox 428 1855 465 1896; x_wconf 88' lang='lat' dir='ltr'>ac</span> <span class='ocrx_word' id='word_1_126' title='bbox 491 1833 561 1916; x_wconf 91' lang='lat' dir='ltr'>ejus</span> <span class='ocrx_word' id='word_1_127' title='bbox 587 1835 710 1898; x_wconf 90' lang='lat' dir='ltr'>fiebant</span> <span class='ocrx_word' id='word_1_128' title='bbox 733 1835 939 1911; x_wconf 87' lang='lat' dir='ltr'>auctoritate,</span> <span class='ocrx_word' id='word_1_129' title='bbox 963 1834 1133 1915; x_wconf 88' lang='lat' dir='ltr'>pensiones</span> <span class='ocrx_word' id='word_1_130' title='bbox 1158 1852 1217 1915; x_wconf 89' lang='lat' dir='ltr'>per</span> <span class='ocrx_word' id='word_1_131' title='bbox 1239 1828 1419 1913; x_wconf 87' lang='lat' dir='ltr'>capitulum</span> 
     </span>
    </p>

    <p class='ocr_par' dir='ltr' id='par_1_6' title="bbox 267 1925 1420 2299">
     <span class='ocr_line' id='line_1_17' title="bbox 269 1925 1420 2013; baseline -0.007 -20"><span class='ocrx_word' id='word_1_132' title='bbox 269 1933 412 1994; x_wconf 83' lang='lat' dir='ltr'>ecolesiae</span> <span class='ocrx_word' id='word_1_133' title='bbox 426 1932 589 2013; x_wconf 88' lang='lat' dir='ltr'>praedictae</span> <span class='ocrx_word' id='word_1_134' title='bbox 607 1930 677 2012; x_wconf 91' lang='lat' dir='ltr'>jam</span> <span class='ocrx_word' id='word_1_135' title='bbox 699 1951 805 2011; x_wconf 89' lang='lat' dir='ltr'>nuper</span> <span class='ocrx_word' id='word_1_136' title='bbox 827 1931 923 1992; x_wconf 87' lang='lat' dir='ltr'>certis</span> <span class='ocrx_word' id='word_1_137' title='bbox 939 1930 1065 1992; x_wconf 90' lang='lat' dir='ltr'>vicariis</span> <span class='ocrx_word' id='word_1_138' title='bbox 1089 1931 1123 1990; x_wconf 91' lang='lat' dir='ltr'>in</span> <span class='ocrx_word' id='word_1_139' title='bbox 1147 1929 1261 1990; x_wconf 90' lang='lat' dir='ltr'>eadem</span> <span class='ocrx_word' id='word_1_140' title='bbox 1284 1925 1420 1988; x_wconf 88' lang='lat' dir='ltr'>ecclesia</span> 
     </span>
     <span class='ocr_line' id='line_1_18' title="bbox 268 2021 1419 2109; baseline -0.005 -21"><span class='ocrx_word' id='word_1_141' title='bbox 268 2029 447 2109; x_wconf 78' lang='lat' dir='ltr'>impositae,</span> <span class='ocrx_word' id='word_1_142' title='bbox 463 2047 535 2108; x_wconf 91' lang='lat' dir='ltr'>quae</span> <span class='ocrx_word' id='word_1_143' title='bbox 550 2027 675 2087; x_wconf 89' lang='lat' dir='ltr'>notorie</span> <span class='ocrx_word' id='word_1_144' title='bbox 691 2026 835 2087; x_wconf 91' lang='lat' dir='ltr'>tendunt</span> <span class='ocrx_word' id='word_1_145' title='bbox 855 2027 891 2086; x_wconf 91' lang='lat' dir='ltr'>in</span> <span class='ocrx_word' id='word_1_146' title='bbox 907 2025 1217 2107; x_wconf 90' lang='lat' dir='ltr'>depauperacionem</span> <span class='ocrx_word' id='word_1_147' title='bbox 1231 2021 1419 2104; x_wconf 92' lang='lat' dir='ltr'>hujusmodi</span> 
     </span>
     <span class='ocr_line' id='line_1_19' title="bbox 268 2118 1420 2200; baseline -0.006 -15"><span class='ocrx_word' id='word_1_148' title='bbox 268 2124 471 2200; x_wconf 88' lang='lat' dir='ltr'>vicariorum,</span> <span class='ocrx_word' id='word_1_149' title='bbox 487 2126 522 2183; x_wconf 93' lang='lat' dir='ltr'>et</span> <span class='ocrx_word' id='word_1_150' title='bbox 545 2122 802 2183; x_wconf 90' lang='lat' dir='ltr'>diminucionem</span> <span class='ocrx_word' id='word_1_151' title='bbox 817 2121 930 2182; x_wconf 91' lang='lat' dir='ltr'>Divini</span> <span class='ocrx_word' id='word_1_152' title='bbox 952 2122 1060 2183; x_wconf 90' lang='lat' dir='ltr'>cultus</span> <span class='ocrx_word' id='word_1_153' title='bbox 1083 2122 1119 2182; x_wconf 92' lang='lat' dir='ltr'>in</span> <span class='ocrx_word' id='word_1_154' title='bbox 1141 2119 1237 2182; x_wconf 89' lang='lat' dir='ltr'>choro</span> <span class='ocrx_word' id='word_1_155' title='bbox 1255 2118 1420 2200; x_wconf 88' lang='lat' dir='ltr'>praedicto,</span> 
     </span>
     <span class='ocr_line' id='line_1_20' title="bbox 267 2215 1420 2299; baseline -0.006 -18"><span class='ocrx_word' id='word_1_156' title='bbox 267 2238 466 2297; x_wconf 82' lang='lat' dir='ltr'>revocamuS,</span> <span class='ocrx_word' id='word_1_157' title='bbox 482 2217 701 2295; x_wconf 85' lang='lat' dir='ltr'>annullamus,</span> <span class='ocrx_word' id='word_1_158' title='bbox 717 2222 752 2278; x_wconf 93' lang='lat' dir='ltr'>et</span> <span class='ocrx_word' id='word_1_159' title='bbox 767 2238 824 2298; x_wconf 90' lang='lat' dir='ltr'>pro</span> <span class='ocrx_word' id='word_1_160' title='bbox 846 2217 976 2279; x_wconf 88' lang='lat' dir='ltr'>infectis</span> <span class='ocrx_word' id='word_1_161' title='bbox 992 2222 1026 2279; x_wconf 89' lang='lat' dir='ltr'>et</span> <span class='ocrx_word' id='word_1_162' title='bbox 1041 2238 1106 2279; x_wconf 91' lang='lat' dir='ltr'>non</span> <span class='ocrx_word' id='word_1_163' title='bbox 1122 2216 1292 2299; x_wconf 87' lang='lat' dir='ltr'>assignatis</span> <span class='ocrx_word' id='word_1_164' title='bbox 1307 2215 1420 2276; x_wconf 91' lang='lat' dir='ltr'>decer·</span> 
     </span>
    </p>

    <p class='ocr_par' dir='ltr' id='par_1_7' title="bbox 53 2311 1427 3459">
     <span class='ocr_line' id='line_1_21' title="bbox 92 2311 1420 2395; baseline 0.001 -25"><span class='ocrx_word' id='word_1_165' title='bbox 92 2325 231 2385; x_wconf 52' lang='lat' dir='ltr'>Theclae</span> <span class='ocrx_word' id='word_1_166' title='bbox 270 2316 380 2376; x_wconf 90' lang='lat' dir='ltr'>nimus</span> <span class='ocrx_word' id='word_1_167' title='bbox 411 2320 446 2376; x_wconf 88' lang='lat' dir='ltr'>et</span> <span class='ocrx_word' id='word_1_168' title='bbox 471 2313 681 2391; x_wconf 58' lang='lat' dir='ltr'>declaramus</span> <span class='ocrx_word' id='word_1_169' title='bbox 712 2312 870 2390; x_wconf 76' lang='lat' dir='ltr'>volenteS,</span> <span class='ocrx_word' id='word_1_170' title='bbox 902 2319 937 2375; x_wconf 94' lang='lat' dir='ltr'>et</span> <span class='ocrx_word' id='word_1_171' title='bbox 961 2316 1155 2376; x_wconf 89' lang='lat' dir='ltr'>auctoritate</span> <span class='ocrx_word' id='word_1_172' title='bbox 1179 2311 1305 2395; x_wconf 88' lang='lat' dir='ltr'>praefati</span> <span class='ocrx_word' id='word_1_173' title='bbox 1328 2331 1420 2372; x_wconf 89' lang='lat' dir='ltr'>reve·</span> 
     </span>
     <span class='ocr_line' id='line_1_22' title="bbox 53 2388 1420 2492; baseline -0.003 -18"><span class='ocrx_word' id='word_1_174' title='bbox 53 2445 55 2448; x_wconf 95' lang='lat'>·</span> <span class='ocrx_word' id='word_1_175' title='bbox 92 2388 218 2489; x_wconf 50' lang='grc' dir='ltr'>ἱῗνὲοξὴζο</span> <span class='ocrx_word' id='word_1_176' title='bbox 269 2412 454 2473; x_wconf 87' lang='lat' dir='ltr'>rendissimi</span> <span class='ocrx_word' id='word_1_177' title='bbox 480 2411 580 2492; x_wconf 86' lang='lat' dir='ltr'>patris</span> <span class='ocrx_word' id='word_1_178' title='bbox 607 2411 803 2487; x_wconf 66' lang='lat' dir='ltr'>ordinantes</span> <span class='ocrx_word' id='word_1_179' title='bbox 830 2411 916 2491; x_wconf 91' lang='lat' dir='ltr'>quod</span> <span class='ocrx_word' id='word_1_180' title='bbox 946 2411 1138 2492; x_wconf 88' lang='lat' dir='ltr'>praedictum</span> <span class='ocrx_word' id='word_1_181' title='bbox 1167 2407 1349 2491; x_wconf 89' lang='lat' dir='ltr'>capitulum</span> <span class='ocrx_word' id='word_1_182' title='bbox 1378 2407 1420 2470; x_wconf 90' lang='lat' dir='ltr'>ab</span> 
     </span>
     <span class='ocr_line' id='line_1_23' title="bbox 93 2503 1420 2622; baseline -0.002 -53"><span class='ocrx_word' id='word_1_183' title='bbox 93 2503 221 2622; x_wconf 42' lang='lat' dir='ltr'>{¹33}ss</span> <span class='ocrx_word' id='word_1_184' title='bbox 269 2505 457 2589; x_wconf 91' lang='lat' dir='ltr'>hujusmodi</span> <span class='ocrx_word' id='word_1_185' title='bbox 480 2506 702 2587; x_wconf 88' lang='lat' dir='ltr'>pensionibus,</span> <span class='ocrx_word' id='word_1_186' title='bbox 718 2507 1006 2589; x_wconf 86' lang='lat' dir='ltr'>assignacionibus,</span> <span class='ocrx_word' id='word_1_187' title='bbox 1029 2507 1069 2568; x_wconf 91' lang='lat' dir='ltr'>de</span> <span class='ocrx_word' id='word_1_188' title='bbox 1092 2511 1209 2568; x_wconf 88' lang='lat' dir='ltr'>caetero</span> <span class='ocrx_word' id='word_1_189' title='bbox 1230 2506 1362 2588; x_wconf 91' lang='lat' dir='ltr'>penitus</span> <span class='ocrx_word' id='word_1_190' title='bbox 1385 2524 1420 2566; x_wconf 89' lang='lat' dir='ltr'>se</span> 
     </span>
     <span class='ocr_line' id='line_1_24' title="bbox 93 2601 1420 2684; baseline -0.004 -18"><span class='ocrx_word' id='word_1_191' title='bbox 93 2635 165 2667; x_wconf 79' lang='lat' dir='ltr'>more.</span> <span class='ocrx_word' id='word_1_192' title='bbox 267 2604 439 2666; x_wconf 87' lang='lat' dir='ltr'>abstineat.</span> <span class='ocrx_word' id='word_1_193' title='bbox 487 2602 670 2664; x_wconf 86' lang='lat' dir='ltr'>Statuimus</span> <span class='ocrx_word' id='word_1_194' title='bbox 700 2603 804 2664; x_wconf 89' lang='lat' dir='ltr'>eciam</span> <span class='ocrx_word' id='word_1_195' title='bbox 835 2609 869 2666; x_wconf 90' lang='lat' dir='ltr'>et</span> <span class='ocrx_word' id='word_1_196' title='bbox 898 2604 1085 2665; x_wconf 89' lang='lat' dir='ltr'>ordinamus</span> <span class='ocrx_word' id='word_1_197' title='bbox 1111 2603 1197 2684; x_wconf 92' lang='lat' dir='ltr'>quod</span> <span class='ocrx_word' id='word_1_198' title='bbox 1222 2603 1258 2663; x_wconf 93' lang='lat' dir='ltr'>in</span> <span class='ocrx_word' id='word_1_199' title='bbox 1283 2601 1420 2663; x_wconf 87' lang='lat' dir='ltr'>ccclesia</span> 
     </span>
     <span class='ocr_line' id='line_1_25' title="bbox 95 2697 1419 2790; baseline -0.005 -27"><span class='ocrx_word' id='word_1_200' title='bbox 95 2716 197 2790; x_wconf 64' lang='lat' dir='ltr'>(salv)</span> <span class='ocrx_word' id='word_1_201' title='bbox 269 2698 445 2781; x_wconf 88' lang='lat' dir='ltr'>parochiali</span> <span class='ocrx_word' id='word_1_202' title='bbox 467 2699 508 2760; x_wconf 90' lang='lat' dir='ltr'>de</span> <span class='ocrx_word' id='word_1_203' title='bbox 524 2697 644 2774; x_wconf 90' lang='lat' dir='ltr'>Nidde‚</span> <span class='ocrx_word' id='word_1_204' title='bbox 668 2697 811 2760; x_wconf 85' lang='lat' dir='ltr'>ccclesiae</span> <span class='ocrx_word' id='word_1_205' title='bbox 833 2698 1013 2782; x_wconf 86' lang='lat' dir='ltr'>collegiatae</span> <span class='ocrx_word' id='word_1_206' title='bbox 1027 2700 1189 2782; x_wconf 85' lang='lat' dir='ltr'>praedictae</span> <span class='ocrx_word' id='word_1_207' title='bbox 1204 2699 1419 2780; x_wconf 87' lang='lat' dir='ltr'>appropriata,</span> 
     </span>
     <span class='ocr_line' id='line_1_26' title="bbox 91 2775 1418 2880; baseline -0.003 -22"><span class='ocrx_word' id='word_1_208' title='bbox 91 2775 244 2880; x_wconf 46' lang='grc' dir='ltr'>ἓέζιοέὲᾞξῂ</span> <span class='ocrx_word' id='word_1_209' title='bbox 269 2797 313 2857; x_wconf 87' lang='lat' dir='ltr'>sit</span> <span class='ocrx_word' id='word_1_210' title='bbox 336 2817 422 2858; x_wconf 90' lang='lat' dir='ltr'>unus</span> <span class='ocrx_word' id='word_1_211' title='bbox 446 2799 625 2877; x_wconf 89' lang='lat' dir='ltr'>perpetuus</span> <span class='ocrx_word' id='word_1_212' title='bbox 646 2795 785 2856; x_wconf 89' lang='lat' dir='ltr'>vicarius</span> <span class='ocrx_word' id='word_1_213' title='bbox 811 2796 896 2857; x_wconf 91' lang='lat' dir='ltr'>sicut</span> <span class='ocrx_word' id='word_1_214' title='bbox 922 2797 1105 2877; x_wconf 86' lang='lat' dir='ltr'>antiquitus</span> <span class='ocrx_word' id='word_1_215' title='bbox 1135 2794 1208 2856; x_wconf 89' lang='lat' dir='ltr'>fieri</span> <span class='ocrx_word' id='word_1_216' title='bbox 1237 2794 1418 2872; x_wconf 89' lang='lat' dir='ltr'>consuevit,</span> 
     </span>
     <span class='ocr_line' id='line_1_27' title="bbox 92 2890 1418 2998; baseline -0.002 -43"><span class='ocrx_word' id='word_1_217' title='bbox 92 2895 214 2998; x_wconf 51' lang='grc' dir='ltr'>22ῆῖθᾶ</span> <span class='ocrx_word' id='word_1_218' title='bbox 268 2894 352 2955; x_wconf 89' lang='lat' dir='ltr'>citra</span> <span class='ocrx_word' id='word_1_219' title='bbox 395 2892 518 2954; x_wconf 85' lang='lat' dir='ltr'>festum</span> <span class='ocrx_word' id='word_1_220' title='bbox 564 2890 676 2954; x_wconf 79' lang='lat' dir='ltr'>Sancti</span> <span class='ocrx_word' id='word_1_221' title='bbox 719 2890 892 2965; x_wconf 87' lang='lat' dir='ltr'>Michaelis</span> <span class='ocrx_word' id='word_1_222' title='bbox 935 2912 1026 2973; x_wconf 84' lang='lat' dir='ltr'>prox.</span> <span class='ocrx_word' id='word_1_223' title='bbox 1071 2891 1221 2953; x_wconf 86' lang='lat' dir='ltr'>futurum</span> <span class='ocrx_word' id='word_1_224' title='bbox 1266 2891 1418 2952; x_wconf 87' lang='lat' dir='ltr'>canonice</span> 
     </span>
     <span class='ocr_line' id='line_1_28' title="bbox 91 2967 1420 3076; baseline -0.008 -18"><span class='ocrx_word' id='word_1_225' title='bbox 91 2967 188 3058; x_wconf 51' lang='lat' dir='ltr'>plegppu</span> <span class='ocrx_word' id='word_1_226' title='bbox 267 2990 444 3052; x_wconf 88' lang='lat' dir='ltr'>institutus</span> <span class='ocrx_word' id='word_1_227' title='bbox 467 2994 502 3051; x_wconf 91' lang='lat' dir='ltr'>et</span> <span class='ocrx_word' id='word_1_228' title='bbox 524 2989 690 3066; x_wconf 90' lang='lat' dir='ltr'>inductus,</span> <span class='ocrx_word' id='word_1_229' title='bbox 706 2989 763 3076; x_wconf 90' lang='lat' dir='ltr'>qui</span> <span class='ocrx_word' id='word_1_230' title='bbox 785 3009 894 3050; x_wconf 89' lang='lat' dir='ltr'>curam</span> <span class='ocrx_word' id='word_1_231' title='bbox 917 2988 1006 3050; x_wconf 92' lang='lat' dir='ltr'>illius</span> <span class='ocrx_word' id='word_1_232' title='bbox 1028 2987 1188 3071; x_wconf 89' lang='lat' dir='ltr'>parochiae</span> <span class='ocrx_word' id='word_1_233' title='bbox 1207 2985 1327 3050; x_wconf 87' lang='lat' dir='ltr'>habeat</span> <span class='ocrx_word' id='word_1_234' title='bbox 1349 2988 1420 3048; x_wconf 89' lang='lat' dir='ltr'>ani-</span> 
     </span>
     <span class='ocr_line' id='line_1_29' title="bbox 92 3084 1419 3167; baseline 0.005 -26"><span class='ocrx_word' id='word_1_235' title='bbox 92 3097 235 3167; x_wconf 66' lang='lat' dir='ltr'>anyvicars</span> <span class='ocrx_word' id='word_1_236' title='bbox 267 3107 405 3150; x_wconf 88' lang='lat' dir='ltr'>marum.</span> <span class='ocrx_word' id='word_1_237' title='bbox 450 3087 495 3147; x_wconf 87' lang='lat' dir='ltr'>Et</span> <span class='ocrx_word' id='word_1_238' title='bbox 518 3105 560 3147; x_wconf 91' lang='lat' dir='ltr'>ne</span> <span class='ocrx_word' id='word_1_239' title='bbox 575 3085 714 3147; x_wconf 90' lang='lat' dir='ltr'>Divinus</span> <span class='ocrx_word' id='word_1_240' title='bbox 736 3085 844 3148; x_wconf 90' lang='lat' dir='ltr'>cultus</span> <span class='ocrx_word' id='word_1_241' title='bbox 868 3085 1083 3148; x_wconf 88' lang='lat' dir='ltr'>imminuatur</span> <span class='ocrx_word' id='word_1_242' title='bbox 1105 3087 1141 3147; x_wconf 91' lang='lat' dir='ltr'>in</span> <span class='ocrx_word' id='word_1_243' title='bbox 1164 3084 1260 3147; x_wconf 90' lang='lat' dir='ltr'>choro</span> <span class='ocrx_word' id='word_1_244' title='bbox 1276 3085 1419 3148; x_wconf 88' lang='lat' dir='ltr'>ecclesiae</span> 
     </span>
     <span class='ocr_line' id='line_1_30' title="bbox 91 3156 1419 3266; baseline -0.002 -19"><span class='ocrx_word' id='word_1_245' title='bbox 91 3156 210 3261; x_wconf 44' lang='lat' dir='ltr'>ffiffl,</span> <span class='ocrx_word' id='word_1_246' title='bbox 267 3183 446 3266; x_wconf 82' lang='lat' dir='ltr'>collegiatae</span> <span class='ocrx_word' id='word_1_247' title='bbox 470 3183 645 3265; x_wconf 85' lang='lat' dir='ltr'>praedictae,</span> <span class='ocrx_word' id='word_1_248' title='bbox 668 3182 819 3244; x_wconf 90' lang='lat' dir='ltr'>volumus</span> <span class='ocrx_word' id='word_1_249' title='bbox 844 3186 879 3244; x_wconf 94' lang='lat' dir='ltr'>et</span> <span class='ocrx_word' id='word_1_250' title='bbox 905 3184 1091 3245; x_wconf 92' lang='lat' dir='ltr'>ordinamus</span> <span class='ocrx_word' id='word_1_251' title='bbox 1117 3184 1202 3266; x_wconf 92' lang='lat' dir='ltr'>quod</span> <span class='ocrx_word' id='word_1_252' title='bbox 1228 3184 1256 3244; x_wconf 89' lang='lat' dir='ltr'>si</span> <span class='ocrx_word' id='word_1_253' title='bbox 1279 3183 1419 3245; x_wconf 88' lang='lat' dir='ltr'>vicarius</span> 
     </span>
     <span class='ocr_line' id='line_1_31' title="bbox 90 3276 1421 3380; baseline 0 -39"><span class='ocrx_word' id='word_1_254' title='bbox 90 3276 228 3380; x_wconf 49' lang='lat' dir='ltr'>{memb</span> <span class='ocrx_word' id='word_1_255' title='bbox 267 3280 384 3363; x_wconf 90' lang='lat' dir='ltr'>aliquis</span> <span class='ocrx_word' id='word_1_256' title='bbox 399 3301 419 3341; x_wconf 91' lang='lat' dir='ltr'>a</span> <span class='ocrx_word' id='word_1_257' title='bbox 434 3280 522 3341; x_wconf 90' lang='lat' dir='ltr'>dicta</span> <span class='ocrx_word' id='word_1_258' title='bbox 535 3280 654 3340; x_wconf 88' lang='lat' dir='ltr'>vicaria</span> <span class='ocrx_word' id='word_1_259' title='bbox 670 3298 727 3339; x_wconf 90' lang='lat' dir='ltr'>sua</span> <span class='ocrx_word' id='word_1_260' title='bbox 747 3299 805 3360; x_wconf 91' lang='lat' dir='ltr'>per</span> <span class='ocrx_word' id='word_1_261' title='bbox 819 3278 950 3360; x_wconf 88' lang='lat' dir='ltr'>aliquod</span> <span class='ocrx_word' id='word_1_262' title='bbox 965 3285 1097 3362; x_wconf 89' lang='lat' dir='ltr'>tempus</span> <span class='ocrx_word' id='word_1_263' title='bbox 1111 3281 1255 3342; x_wconf 88' lang='lat' dir='ltr'>notabile</span> <span class='ocrx_word' id='word_1_264' title='bbox 1271 3301 1289 3342; x_wconf 91' lang='lat' dir='ltr'>a</span> <span class='ocrx_word' id='word_1_265' title='bbox 1304 3281 1421 3341; x_wconf 90' lang='lat' dir='ltr'>minis-</span> 
     </span>
     <span class='ocr_line' id='line_1_32' title="bbox 177 3369 1427 3459; baseline 0.002 -24"><span class='ocrx_word' id='word_1_266' title='bbox 177 3369 183 3381; x_wconf 85' lang='lat'>&#39;</span> <span class='ocrx_word' id='word_1_267' title='bbox 267 3375 350 3436; x_wconf 89' lang='lat' dir='ltr'>terio</span> <span class='ocrx_word' id='word_1_268' title='bbox 365 3374 461 3435; x_wconf 87' lang='lat' dir='ltr'>dictae</span> <span class='ocrx_word' id='word_1_269' title='bbox 478 3373 620 3434; x_wconf 87' lang='lat' dir='ltr'>ecclesiae</span> <span class='ocrx_word' id='word_1_270' title='bbox 642 3377 677 3433; x_wconf 93' lang='lat' dir='ltr'>et</span> <span class='ocrx_word' id='word_1_271' title='bbox 698 3392 774 3433; x_wconf 89' lang='lat' dir='ltr'>cura</span> <span class='ocrx_word' id='word_1_272' title='bbox 797 3392 855 3434; x_wconf 88' lang='lat' dir='ltr'>sua</span> <span class='ocrx_word' id='word_1_273' title='bbox 879 3376 1056 3457; x_wconf 86' lang='lat' dir='ltr'>contigerit</span> <span class='ocrx_word' id='word_1_274' title='bbox 1079 3376 1252 3454; x_wconf 87' lang='lat' dir='ltr'>absentari,</span> <span class='ocrx_word' id='word_1_275' title='bbox 1269 3376 1355 3459; x_wconf 93' lang='lat' dir='ltr'>quod</span> <span class='ocrx_word' id='word_1_276' title='bbox 1378 3377 1427 3438; x_wconf 72' lang='lat' dir='ltr'>de‘</span> 
     </span>
    </p>

    <p class='ocr_par' dir='ltr' id='par_1_8' title="bbox 268 3465 1419 3553">
     <span class='ocr_line' id='line_1_33' title="bbox 268 3465 1419 3553; baseline 0.003 -23"><span class='ocrx_word' id='word_1_277' title='bbox 268 3489 325 3531; x_wconf 87' lang='lat' dir='ltr'>suo</span> <span class='ocrx_word' id='word_1_278' title='bbox 342 3469 456 3529; x_wconf 87' lang='lat' dir='ltr'>salario</span> <span class='ocrx_word' id='word_1_279' title='bbox 478 3467 562 3528; x_wconf 90' lang='lat' dir='ltr'>alius</span> <span class='ocrx_word' id='word_1_280' title='bbox 584 3465 768 3547; x_wconf 88' lang='lat' dir='ltr'>capellanus</span> <span class='ocrx_word' id='word_1_281' title='bbox 790 3466 928 3530; x_wconf 90' lang='lat' dir='ltr'>idoneus</span> <span class='ocrx_word' id='word_1_282' title='bbox 942 3470 978 3530; x_wconf 94' lang='lat' dir='ltr'>in</span> <span class='ocrx_word' id='word_1_283' title='bbox 993 3472 1146 3551; x_wconf 89' lang='lat' dir='ltr'>praedicto</span> <span class='ocrx_word' id='word_1_284' title='bbox 1168 3470 1264 3533; x_wconf 91' lang='lat' dir='ltr'>choro</span> <span class='ocrx_word' id='word_1_285' title='bbox 1288 3479 1323 3533; x_wconf 90' lang='lat' dir='ltr'>et</span> <span class='ocrx_word' id='word_1_286' title='bbox 1346 3472 1419 3553; x_wconf 88' lang='lat' dir='ltr'>ejus</span> 
     </span>
    </p>

    <p class='ocr_par' dir='ltr' id='par_1_9' title="bbox 266 3561 1418 3738">
     <span class='ocr_line' id='line_1_34' title="bbox 266 3561 1417 3646; baseline 0.002 -21"><span class='ocrx_word' id='word_1_287' title='bbox 266 3583 343 3626; x_wconf 89' lang='lat' dir='ltr'>cura</span> <span class='ocrx_word' id='word_1_288' title='bbox 367 3561 516 3644; x_wconf 88' lang='lat' dir='ltr'>suppleat</span> <span class='ocrx_word' id='word_1_289' title='bbox 543 3581 616 3622; x_wconf 87' lang='lat' dir='ltr'>suas</span> <span class='ocrx_word' id='word_1_290' title='bbox 642 3562 740 3638; x_wconf 89' lang='lat' dir='ltr'>vices,</span> <span class='ocrx_word' id='word_1_291' title='bbox 765 3563 925 3644; x_wconf 89' lang='lat' dir='ltr'>recipiens</span> <span class='ocrx_word' id='word_1_292' title='bbox 947 3585 1005 3646; x_wconf 91' lang='lat' dir='ltr'>pro</span> <span class='ocrx_word' id='word_1_293' title='bbox 1027 3566 1134 3629; x_wconf 91' lang='lat' dir='ltr'>labore</span> <span class='ocrx_word' id='word_1_294' title='bbox 1158 3588 1216 3628; x_wconf 88' lang='lat' dir='ltr'>suo</span> <span class='ocrx_word' id='word_1_295' title='bbox 1239 3569 1417 3628; x_wconf 88' lang='lat' dir='ltr'>secundum</span> 
     </span>
     <span class='ocr_line' id='line_1_35' title="bbox 266 3656 1418 3738; baseline 0 -18"><span class='ocrx_word' id='word_1_296' title='bbox 266 3658 438 3720; x_wconf 86' lang='lat' dir='ltr'>arbitrium</span> <span class='ocrx_word' id='word_1_297' title='bbox 461 3660 496 3717; x_wconf 92' lang='lat' dir='ltr'>et</span> <span class='ocrx_word' id='word_1_298' title='bbox 520 3656 751 3718; x_wconf 83' lang='lat' dir='ltr'>discrecionem</span> <span class='ocrx_word' id='word_1_299' title='bbox 773 3657 908 3738; x_wconf 89' lang='lat' dir='ltr'>capituli</span> <span class='ocrx_word' id='word_1_300' title='bbox 923 3659 975 3721; x_wconf 89' lang='lat' dir='ltr'>vel</span> <span class='ocrx_word' id='word_1_301' title='bbox 996 3662 1129 3723; x_wconf 86' lang='lat' dir='ltr'>rectoris</span> <span class='ocrx_word' id='word_1_302' title='bbox 1144 3660 1233 3724; x_wconf 89' lang='lat' dir='ltr'>chori</span> <span class='ocrx_word' id='word_1_303' title='bbox 1247 3661 1418 3722; x_wconf 87' lang='lat' dir='ltr'>memorati</span> 
     </span>
    </p>

    <p class='ocr_par' dir='ltr' id='par_1_10' title="bbox 92 3753 1419 3840">
     <span class='ocr_line' id='line_1_36' title="bbox 92 3753 1419 3840; baseline 0.001 -23"><span class='ocrx_word' id='word_1_304' title='bbox 92 3771 229 3817; x_wconf 77' lang='lat' dir='ltr'>eorrection</span> <span class='ocrx_word' id='word_1_305' title='bbox 267 3776 325 3839; x_wconf 89' lang='lat' dir='ltr'>pro</span> <span class='ocrx_word' id='word_1_306' title='bbox 339 3758 487 3835; x_wconf 89' lang='lat' dir='ltr'>tempore</span> <span class='ocrx_word' id='word_1_307' title='bbox 503 3753 684 3815; x_wconf 83' lang='lat' dir='ltr'>existentis.</span> <span class='ocrx_word' id='word_1_308' title='bbox 729 3754 774 3814; x_wconf 88' lang='lat' dir='ltr'>Et</span> <span class='ocrx_word' id='word_1_309' title='bbox 789 3755 901 3835; x_wconf 89' lang='lat' dir='ltr'>quavis</span> <span class='ocrx_word' id='word_1_310' title='bbox 923 3759 1079 3820; x_wconf 91' lang='lat' dir='ltr'>correccio</span> <span class='ocrx_word' id='word_1_311' title='bbox 1101 3762 1136 3820; x_wconf 94' lang='lat' dir='ltr'>et</span> <span class='ocrx_word' id='word_1_312' title='bbox 1157 3759 1288 3840; x_wconf 92' lang='lat' dir='ltr'>punicio</span> <span class='ocrx_word' id='word_1_313' title='bbox 1304 3757 1419 3819; x_wconf 89' lang='lat' dir='ltr'>vicari-</span> 
     </span>
    </p>
   </div>
   <div class='ocr_carea' id='block_1_5' title="bbox 92 3833 1418 3940">
    <p class='ocr_par' dir='ltr' id='par_1_11' title="bbox 92 3833 1418 3940">
     <span class='ocr_line' id='line_1_37' title="bbox 92 3833 1418 3940; baseline -0.002 -22"><span class='ocrx_word' id='word_1_314' title='bbox 92 3833 222 3937; x_wconf 49' lang='lat' dir='ltr'>{ssffirssh</span> <span class='ocrx_word' id='word_1_315' title='bbox 268 3872 360 3915; x_wconf 89' lang='lat' dir='ltr'>orum</span> <span class='ocrx_word' id='word_1_316' title='bbox 376 3856 412 3913; x_wconf 90' lang='lat' dir='ltr'>et</span> <span class='ocrx_word' id='word_1_317' title='bbox 426 3849 565 3912; x_wconf 90' lang='lat' dir='ltr'>aliorum</span> <span class='ocrx_word' id='word_1_318' title='bbox 584 3849 808 3912; x_wconf 89' lang='lat' dir='ltr'>ministrorum</span> <span class='ocrx_word' id='word_1_319' title='bbox 831 3852 974 3916; x_wconf 88' lang='lat' dir='ltr'>ecclesiae</span> <span class='ocrx_word' id='word_1_320' title='bbox 995 3855 1174 3940; x_wconf 83' lang='lat' dir='ltr'>collegiatae</span> <span class='ocrx_word' id='word_1_321' title='bbox 1197 3856 1369 3940; x_wconf 77' lang='lat' dir='ltr'>praedict-ae,</span> <span class='ocrx_word' id='word_1_322' title='bbox 1384 3859 1418 3916; x_wconf 93' lang='lat' dir='ltr'>et</span> 
     </span>
    </p>
   </div>
   <div class='ocr_carea' id='block_1_6' title="bbox 254 3984 1419 4534">
    <p class='ocr_par' dir='ltr' id='par_1_12' title="bbox 254 3984 1419 4534">
     <span class='ocr_line' id='line_1_38' title="bbox 268 3984 1417 4063; baseline 0 -20"><span class='ocrx_word' id='word_1_323' title='bbox 268 3987 408 4044; x_wconf 81' lang='lat' dir='ltr'>sacrificial</span> <span class='ocrx_word' id='word_1_324' title='bbox 421 3993 512 4054; x_wconf 86' lang='lat' dir='ltr'>tenus,</span> <span class='ocrx_word' id='word_1_325' title='bbox 525 4003 550 4058; x_wconf 88' lang='lat' dir='ltr'>p.</span> <span class='ocrx_word' id='word_1_326' title='bbox 565 3985 612 4052; x_wconf 86' lang='grc'>21;</span> <span class='ocrx_word' id='word_1_327' title='bbox 630 3984 678 4038; x_wconf 86' lang='lat' dir='ltr'>the</span> <span class='ocrx_word' id='word_1_328' title='bbox 696 4002 760 4055; x_wconf 85' lang='lat' dir='ltr'>year</span> <span class='ocrx_word' id='word_1_329' title='bbox 777 3985 830 4038; x_wconf 86' lang='lat' dir='ltr'>and</span> <span class='ocrx_word' id='word_1_330' title='bbox 849 3985 960 4061; x_wconf 85' lang='lat' dir='ltr'>Sunday</span> <span class='ocrx_word' id='word_1_331' title='bbox 977 3990 1081 4058; x_wconf 87' lang='lat' dir='ltr'>letters,</span> <span class='ocrx_word' id='word_1_332' title='bbox 1099 3997 1162 4059; x_wconf 82' lang='lat' dir='ltr'>otc,</span> <span class='ocrx_word' id='word_1_333' title='bbox 1179 4009 1224 4063; x_wconf 92' lang='lat' dir='ltr'>pp.</span> <span class='ocrx_word' id='word_1_334' title='bbox 1245 3990 1349 4056; x_wconf 84' lang='grc'>21-24;</span> <span class='ocrx_word' id='word_1_335' title='bbox 1369 3990 1417 4043; x_wconf 87' lang='lat' dir='ltr'>the</span> 
     </span>
     <span class='ocr_line' id='line_1_39' title="bbox 268 4064 1418 4140; baseline 0 -18"><span class='ocrx_word' id='word_1_336' title='bbox 268 4070 347 4122; x_wconf 87' lang='lat' dir='ltr'>lunar</span> <span class='ocrx_word' id='word_1_337' title='bbox 359 4067 443 4138; x_wconf 87' lang='lat' dir='ltr'>cycla,</span> <span class='ocrx_word' id='word_1_338' title='bbox 456 4084 499 4140; x_wconf 87' lang='lat' dir='ltr'>pp.</span> <span class='ocrx_word' id='word_1_339' title='bbox 513 4066 557 4134; x_wconf 86' lang='grc'>24,</span> <span class='ocrx_word' id='word_1_340' title='bbox 569 4065 617 4132; x_wconf 86' lang='grc'>25;</span> <span class='ocrx_word' id='word_1_341' title='bbox 636 4064 796 4135; x_wconf 78' lang='lat' dir='ltr'>concurring</span> <span class='ocrx_word' id='word_1_342' title='bbox 807 4065 883 4136; x_wconf 83' lang='lat' dir='ltr'>days,</span> <span class='ocrx_word' id='word_1_343' title='bbox 890 4067 1132 4135; x_wconf 83' lang='lat' dir='ltr'>indictions‚feasts</span> <span class='ocrx_word' id='word_1_344' title='bbox 1141 4072 1194 4124; x_wconf 91' lang='lat' dir='ltr'>and</span> <span class='ocrx_word' id='word_1_345' title='bbox 1202 4088 1316 4134; x_wconf 81' lang='lat' dir='ltr'>sansone,</span> <span class='ocrx_word' id='word_1_346' title='bbox 1332 4087 1347 4123; x_wconf 87' lang='lat' dir='ltr'>a</span> <span class='ocrx_word' id='word_1_347' title='bbox 1359 4070 1418 4123; x_wconf 87' lang='lat' dir='ltr'>rulo</span> 
     </span>
     <span class='ocr_line' id='line_1_40' title="bbox 269 4145 1419 4222; baseline 0.002 -20"><span class='ocrx_word' id='word_1_348' title='bbox 269 4149 312 4203; x_wconf 86' lang='lat' dir='ltr'>for</span> <span class='ocrx_word' id='word_1_349' title='bbox 323 4148 429 4217; x_wconf 81' lang='lat' dir='ltr'>finding</span> <span class='ocrx_word' id='word_1_350' title='bbox 437 4148 557 4213; x_wconf 88' lang='lat' dir='ltr'>Advent,</span> <span class='ocrx_word' id='word_1_351' title='bbox 566 4162 609 4217; x_wconf 89' lang='lat' dir='ltr'>pp.</span> <span class='ocrx_word' id='word_1_352' title='bbox 623 4146 721 4199; x_wconf 82' lang='grc'>25-28.</span> <span class='ocrx_word' id='word_1_353' title='bbox 748 4145 815 4199; x_wconf 83' lang='lat' dir='ltr'>This</span> <span class='ocrx_word' id='word_1_354' title='bbox 826 4163 862 4199; x_wconf 93' lang='lat' dir='ltr'>no</span> <span class='ocrx_word' id='word_1_355' title='bbox 875 4148 959 4202; x_wconf 84' lang='lat' dir='ltr'>doubt</span> <span class='ocrx_word' id='word_1_356' title='bbox 970 4149 1051 4220; x_wconf 83' lang='lat' dir='ltr'>fairly</span> <span class='ocrx_word' id='word_1_357' title='bbox 1062 4157 1211 4222; x_wconf 88' lang='lat' dir='ltr'>represents</span> <span class='ocrx_word' id='word_1_358' title='bbox 1224 4152 1271 4203; x_wconf 89' lang='lat' dir='ltr'>the</span> <span class='ocrx_word' id='word_1_359' title='bbox 1281 4150 1419 4204; x_wconf 81' lang='lat' dir='ltr'>character</span> 
     </span>
     <span class='ocr_line' id='line_1_41' title="bbox 270 4223 1417 4300; baseline -0.001 -17"><span class='ocrx_word' id='word_1_360' title='bbox 270 4228 301 4283; x_wconf 86' lang='lat' dir='ltr'>of</span> <span class='ocrx_word' id='word_1_361' title='bbox 316 4227 363 4281; x_wconf 88' lang='lat' dir='ltr'>the</span> <span class='ocrx_word' id='word_1_362' title='bbox 380 4225 521 4280; x_wconf 85' lang='lat' dir='ltr'>mediaeval</span> <span class='ocrx_word' id='word_1_363' title='bbox 546 4223 698 4296; x_wconf 77' lang='lat' dir='ltr'>ordination</span> <span class='ocrx_word' id='word_1_364' title='bbox 715 4223 920 4280; x_wconf 79' lang='lat' dir='ltr'>examinatione.</span> <span class='ocrx_word' id='word_1_365' title='bbox 956 4227 1043 4281; x_wconf 84' lang='lat' dir='ltr'>There</span> <span class='ocrx_word' id='word_1_366' title='bbox 1062 4246 1107 4283; x_wconf 86' lang='lat' dir='ltr'>are</span> <span class='ocrx_word' id='word_1_367' title='bbox 1131 4247 1203 4283; x_wconf 85' lang='lat' dir='ltr'>some</span> <span class='ocrx_word' id='word_1_368' title='bbox 1227 4247 1291 4300; x_wconf 86' lang='lat' dir='ltr'>very</span> <span class='ocrx_word' id='word_1_369' title='bbox 1310 4226 1417 4282; x_wconf 82' lang='lat' dir='ltr'>curicus</span> 
     </span>
     <span class='ocr_line' id='line_1_42' title="bbox 269 4302 1419 4378; baseline 0.001 -18"><span class='ocrx_word' id='word_1_370' title='bbox 269 4312 373 4378; x_wconf 82' lang='lat' dir='ltr'>reporta</span> <span class='ocrx_word' id='word_1_371' title='bbox 389 4304 420 4357; x_wconf 87' lang='lat' dir='ltr'>of</span> <span class='ocrx_word' id='word_1_372' title='bbox 435 4303 631 4368; x_wconf 81' lang='lat' dir='ltr'>examinatione</span> <span class='ocrx_word' id='word_1_373' title='bbox 648 4302 679 4355; x_wconf 87' lang='lat' dir='ltr'>of</span> <span class='ocrx_word' id='word_1_374' title='bbox 693 4302 819 4357; x_wconf 82' lang='lat' dir='ltr'>illiterata</span> <span class='ocrx_word' id='word_1_375' title='bbox 831 4305 970 4377; x_wconf 86' lang='lat' dir='ltr'>chaplains</span> <span class='ocrx_word' id='word_1_376' title='bbox 982 4306 1013 4359; x_wconf 90' lang='lat' dir='ltr'>in</span> <span class='ocrx_word' id='word_1_377' title='bbox 1026 4307 1160 4361; x_wconf 83' lang='lat' dir='ltr'>Maslrell&#39;s</span> <span class='ocrx_word' id='word_1_378' title='bbox 1172 4310 1288 4361; x_wconf 77' lang='lat' dir='ltr'>Accient</span> <span class='ocrx_word' id='word_1_379' title='bbox 1300 4303 1419 4378; x_wconf 76' lang='lat' dir='ltr'>Liturpy</span> 
     </span>
     <span class='ocr_line' id='line_1_43' title="bbox 254 4380 1415 4458; baseline 0.003 -21"><span class='ocrx_word' id='word_1_380' title='bbox 254 4385 379 4458; x_wconf 66' lang='lat'>,(1846),</span> <span class='ocrx_word' id='word_1_381' title='bbox 392 4400 435 4454; x_wconf 90' lang='lat' dir='ltr'>pp.</span> <span class='ocrx_word' id='word_1_382' title='bbox 446 4383 533 4435; x_wconf 89' lang='grc'><strong>181-3</strong></span> <span class='ocrx_word' id='word_1_383' title='bbox 544 4381 600 4448; x_wconf 79' lang='lat' dir='ltr'>(ad.</span> <span class='ocrx_word' id='word_1_384' title='bbox 611 4380 651 4434; x_wconf 82' lang='lat' dir='ltr'>ed.</span> <span class='ocrx_word' id='word_1_385' title='bbox 662 4399 687 4452; x_wconf 90' lang='lat' dir='ltr'>p.</span> <span class='ocrx_word' id='word_1_386' title='bbox 696 4382 773 4450; x_wconf 88' lang='grc'>253),</span> <span class='ocrx_word' id='word_1_387' title='bbox 784 4381 852 4436; x_wconf 88' lang='lat' dir='ltr'>from</span> <span class='ocrx_word' id='word_1_388' title='bbox 865 4385 911 4437; x_wconf 89' lang='lat' dir='ltr'>the</span> <span class='ocrx_word' id='word_1_389' title='bbox 924 4385 1076 4454; x_wconf 72' lang='lat' dir='ltr'>Reqa&#39;strcm</span> <span class='ocrx_word' id='word_1_390' title='bbox 1084 4388 1111 4440; x_wconf 80' lang='lat' dir='ltr'>S.</span> <span class='ocrx_word' id='word_1_391' title='bbox 1124 4387 1259 4452; x_wconf 80' lang='lat' dir='ltr'>Oamcndi,</span> <span class='ocrx_word' id='word_1_392' title='bbox 1268 4401 1323 4440; x_wconf 68' lang='lat' dir='ltr'>nn.</span> <span class='ocrx_word' id='word_1_393' title='bbox 1338 4387 1415 4440; x_wconf 91' lang='grc'>1222.</span> 
     </span>
     <span class='ocr_line' id='line_1_44' title="bbox 271 4458 1368 4534; baseline 0.001 -17"><span class='ocrx_word' id='word_1_394' title='bbox 271 4461 326 4517; x_wconf 85' lang='lat' dir='ltr'>For</span> <span class='ocrx_word' id='word_1_395' title='bbox 338 4477 436 4516; x_wconf 84' lang='lat' dir='ltr'>canons</span> <span class='ocrx_word' id='word_1_396' title='bbox 447 4458 563 4530; x_wconf 85' lang='lat' dir='ltr'>relating</span> <span class='ocrx_word' id='word_1_397' title='bbox 574 4465 602 4513; x_wconf 90' lang='lat' dir='ltr'>to</span> <span class='ocrx_word' id='word_1_398' title='bbox 614 4459 797 4514; x_wconf 81' lang='lat' dir='ltr'>examination</span> <span class='ocrx_word' id='word_1_399' title='bbox 810 4461 842 4515; x_wconf 87' lang='lat' dir='ltr'>of</span> <span class='ocrx_word' id='word_1_400' title='bbox 850 4462 995 4518; x_wconf 87' lang='lat' dir='ltr'>ordinands</span> <span class='ocrx_word' id='word_1_401' title='bbox 1006 4481 1049 4518; x_wconf 88' lang='lat' dir='ltr'>see</span> <span class='ocrx_word' id='word_1_402' title='bbox 1062 4464 1164 4533; x_wconf 86' lang='lat' dir='ltr'>Labbc,</span> <span class='ocrx_word' id='word_1_403' title='bbox 1177 4464 1304 4534; x_wconf 87' lang='lat' dir='ltr'>Willrins,</span> <span class='ocrx_word' id='word_1_404' title='bbox 1317 4470 1368 4519; x_wconf 89' lang='lat' dir='ltr'>etc.</span> 
     </span>
    </p>
   </div>
   <div class='ocr_carea' id='block_1_7' title="bbox 0 0 1542 5032">
    <p class='ocr_par' dir='ltr' id='par_1_13' title="bbox 0 0 1542 5032">
     <span class='ocr_line' id='line_1_45' title="bbox 0 0 1542 5032; baseline 0 0"><span class='ocrx_word' id='word_1_405' title='bbox 0 0 1542 5032; x_wconf 95' lang='lat' dir='ltr'> </span> 
     </span>
    </p>
   </div>
  </div>
 </body>
</html>
