3068 5024
632 331 840 386 Mnnoullts
865 333 910 385 ou
935 332 1055 384 RIPON.

267 524 374 566 coram
389 502 483 565 nobis
507 500 667 564 exhibitos
691 506 725 564 et
747 505 891 563 ostensos
913 500 1005 563 nobis
1026 506 1154 564 constat
1171 503 1297 566 dictum
1315 503 1421 566 domi·

265 619 349 660 num
364 596 550 661 iohannem
565 601 678 659 contra
692 595 864 678 praefatum
880 596 1075 679 magistrum
1089 597 1266 681 Hugonem
1281 599 1316 660 in
1332 601 1421 662 curia

266 693 413 756 Romana
431 693 562 754 finalem
583 694 618 753 in
638 711 734 753 causa
752 692 920 752 victoriam
940 693 1097 772 optinere,
1118 694 1208 756 vobis
1228 695 1421 758 mandamus

265 790 429 871 quatinus,
439 788 582 850 relaxato
592 792 757 868 sequestro
768 785 809 848 ab
820 789 856 848 in
866 785 945 872 (sic)
955 786 1115 858 fructibus
1124 788 1219 851 diotae
1229 789 1421 870 praebendae,

265 886 458 947 auctoritate
472 883 647 965 apostolica
663 884 703 945 de
719 882 873 944 mandato
887 887 998 944 nostro
1008 883 1211 964 interposito,
1221 886 1262 946 ad
1277 885 1363 966 quod
1378 885 1420 948 de

264 981 368 1061 ipsius
393 979 573 1061 praebendae
595 978 766 1055 fructibus,
792 976 911 1039 debitis
938 976 1010 1059 ejus
1037 981 1233 1058 supportatis
1258 980 1419 1058 omnibus,

266 1095 432 1157 superesse
448 1074 633 1157 contigerit,
649 1075 737 1135 dicto
751 1073 883 1135 domino
898 1072 919 1135 J
921 1071 1041 1135 ohanni
1056 1074 1109 1135 vel
1125 1073 1195 1156 ejus
1210 1077 1420 1157 procuratori,

267 1169 483 1231 sufficientem
506 1169 546 1230 ab
569 1189 607 1230 eo
630 1169 666 1229 in
688 1166 748 1229 hac
769 1172 860 1250 parte
885 1171 1083 1248 potestatem
1106 1167 1253 1247 habenti,
1271 1170 1421 1233 celeriter

265 1264 420 1341 liberetis,
442 1265 635 1345 recipientes
659 1262 699 1325 ab
722 1265 835 1325 eodem
854 1263 908 1324 vel
930 1267 1134 1344 procuratore
1155 1285 1214 1327 suo
1231 1267 1420 1348 acquietan-

265 1362 350 1422 ciam
380 1379 568 1442 congruam,
591 1379 768 1440 perquam
798 1362 833 1419 et
862 1363 1035 1439 praesentes
1065 1365 1189 1421 nostras
1219 1361 1338 1439 literas,
1363 1382 1419 1424 vos

267 1456 433 1517 exonerari
448 1456 597 1516 volumus
614 1459 649 1515 et
662 1455 865 1516 decernimus
880 1454 921 1515 ab
935 1455 1145 1535 impeticione
1161 1456 1307 1537 qualibet
1329 1478 1420 1519 occa-

268 1552 357 1613 sione
380 1549 546 1612 fructuum
569 1547 757 1632 hujusmodi
779 1570 836 1632 per
861 1570 917 1612 vos
942 1550 1184 1632 quomodolibet
1204 1558 1419 1634 receptorum,

268 1666 326 1708 seu
356 1665 428 1728 quae
458 1646 580 1727 percipi
610 1649 761 1726 poterant
790 1647 825 1706 in
854 1643 914 1706 hac
943 1650 1046 1726 parte.
1091 1646 1182 1708 Vale.
1228 1647 1302 1709 Dat.
1332 1648 1418 1730 apud

269 1742 411 1818 Cawode,
427 1743 528 1803 tercio
550 1741 604 1802 die
626 1743 748 1803 mensis
769 1741 862 1819 Maii,
882 1742 977 1804 Anno
994 1742 1138 1819 Domini,
1154 1747 1216 1805 etc.
1232 1742 1366 1826 lxxviij0,
1384 1749 1418 1806 et

266 1843 384 1898 nostrae
399 1836 650 1898 consecracionis
665 1840 789 1918 quarto.

909 1973 1157 2035 Memorandum
1189 1974 1275 2055 quod
1305 1995 1416 2056 supra-

948 2069 1060 2150 scripti
1089 2069 1201 2130 vicarii
1226 2069 1267 2132 de
1296 2070 1414 2152 Ripon'

946 2165 1173 2245 praestiterunt
1192 2164 1414 2248 obedienciam

946 2261 1078 2322 domino
1093 2281 1189 2342 super
1213 2261 1330 2325 Sancta
1353 2263 1415 2325 Dei

90 2363 162 2424 (9v·)
265 2357 423 2419 Dominus
439 2353 603 2419 Johannes
620 2353 810 2435 Stayndrop‚
945 2356 1122 2439 Evangelia
1138 2355 1198 2418 sub
1218 2355 1278 2418 hac
1300 2357 1414 2437 forma,

88 2434 146 2527 1³)ss}
153 2422 218 2527 Ἕω
264 2452 423 2514 Dominus
439 2450 598 2512 Robertus
614 2446 754 2526 Bashan,
945 2450 1086 2532 quilibet
1100 2471 1157 2532 per
1173 2472 1217 2528 se,
1232 2453 1268 2513 in
1290 2453 1412 2534 capella

92 2565 227 2612 cadauera
265 2548 424 2609 Dominus
440 2546 595 2608 Ricardus
610 2544 792 2622 Wakefeld,
945 2545 1030 2607 infra
1084 2547 1266 2608 manerium
1318 2569 1414 2610 suum

86 2624 240 2741 lirim&
264 2644 422 2705 Dominus
438 2640 604 2704 Johannes
620 2640 728 2721 Olynt,
740 2639 862 2722 junior,
945 2640 1071 2722 Ripon’,
1094 2645 1197 2723 primo
1218 2642 1271 2705 die
1292 2644 1413 2706 mensis

94 2765 185 2810 waaris
262 2740 422 2801 Dominus
437 2738 459 2801 J
460 2736 602 2799 ohannes
618 2737 799 2819 Bondgate,
944 2736 1141 2814 Decembris,
1165 2738 1258 2799 Anno
1279 2738 1413 2801 Domini

89 2824 176 2928 m,
265 2835 424 2895 Dominus
440 2831 606 2897 lohannes
624 2831 810 2915 Kilyngale,
944 2832 1122 2895 Millesimo
1159 2839 1247 2894 000ηιο
1285 2839 1414 2917 octoge-

114 2899 137 2943 ¹1³
177 2916 184 2929 ⁶
946 2929 1037 3006 simo,
1068 2929 1250 2991 indiccione
1287 2935 1413 3011 quarta,

944 3024 1152 3106 pontificatus
1186 3025 1311 3086 domini
1351 3026 1414 3088 Ur·

944 3118 1032 3196 bani,
1062 3119 1179 3181 Divina
1208 3121 1412 3201 providentia

944 3235 1036 3296 papae
1053 3217 1147 3292 sexti,
1164 3235 1249 3278 anno
1264 3217 1375 3280 tercio.

332 3315 422 3396 ‘Ego
438 3314 479 3375 N.
495 3333 549 3374 ero
575 3312 680 3373 fidelis
704 3314 737 3371 et
756 3309 909 3371 obediens
931 3309 1110 3372 venerabili
1130 3312 1166 3372 in
1183 3308 1311 3374 Christo
1324 3313 1411 3392 patri

266 3414 301 3470 et
330 3409 461 3470 domino
491 3427 575 3484 mec,
605 3407 736 3467 domino
758 3405 949 3482 Alexandr0,
972 3405 1034 3466 Dei
1060 3408 1167 3489 gracia
1189 3406 1284 3468 Ebor.
1308 3405 1414 3468 archi-

265 3504 423 3585 episcop0,
450 3505 512 3565 etc.
543 3502 721 3582 vestrisque
752 3501 985 3561 successoribus
1022 3503 1175 3563 canonice
1204 3502 1414 3580 intrantibnS,

265 3598 454 3660 officialibus
482 3602 516 3657 et
539 3595 611 3656 aliis
635 3596 794 3656 ministris
818 3597 853 3655 in
880 3595 978 3656 licitis
1003 3601 1039 3657 et
1062 3597 1225 3658 canonicis
1249 3599 1414 3660 mandatis

267 3697 351 3757 sicut
366 3714 420 3755 me
435 3693 523 3754 Deus
538 3690 672 3773 adjuret
688 3695 722 3751 et
736 3688 805 3752 haec
822 3690 951 3767 Sancta,
968 3691 1040 3754 etc.'

334 3857 616 3944 Oertificotoriam
627 3857 899 3942 permutaciouc‘s
914 3857 956 3922 in
974 3859 1174 3943 probandas
1189 3860 1229 3925 dc
1244 3861 1357 3926 Eldoa
1372 3863 1415 3928 c'n

268 3958 449 4024 Arrclrlcaol
465 3964 493 4021 ct
507 3954 682 4038 Naawplre
696 3954 738 4018 in
752 3954 891 4039 Ripoa’,
907 3955 1091 4038 collcpiotts
1107 3957 1257 4023 ecclesiis.

333 4053 502 4142 (Between
518 4053 598 4116 Rob.
614 4052 761 4115 Manfeld
777 4073 847 4115 can.
863 4053 898 4115 of
910 4053 1072 4132 Aukland,
1088 4055 1152 4117 and
1168 4055 1189 4118 J
1191 4054 1243 4118 ob.
1260 4057 1415 4142 Benryng

267 4173 339 4216 can.
356 4152 392 4214 of
404 4149 522 4232 Ripon’
538 4153 581 4211 20
597 4149 690 4226 Feb,
709 4146 823 4234 1381.)

333 4317 441 4404 copta
457 4317 639 4401 cujusdam
654 4316 754 4380 balloc
770 4313 950 4402 hospitalis
965 4317 1086 4382 Sancti
1096 4317 1271 4385 Jotoaaa
1285 4321 1417 4409 Ripoa'

265 4413 356 4497 quod
384 4435 456 4477 aon
486 4419 638 4476 tencatur
662 4411 784 4476 soluere
823 4409 970 4476 decimos
997 4413 1156 4498 propriis
1182 4416 1346 4482 monibus
1375 4441 1416 4484 oc
