3068 5024
636 345 843 398 MEMORIALS
869 348 913 398 OF
939 346 1059 398 RIPON.

275 508 412 573 fratrum
443 535 577 577 assensu
608 516 741 577 statutis
771 515 811 576 ad
845 513 906 576 hoc
943 515 1040 576 certis
1069 512 1219 573 terminis
1250 510 1425 592 levaretur,

276 607 408 687 quidam
423 615 534 672 tamen
551 617 696 673 vestrum
721 611 900 673 secundum
915 612 1116 672 tarracionem
1138 652 1146 668 .
1171 653 1179 667 .
1204 653 1212 668 .
1238 606 1426 672 ‚hactenus

277 706 316 762 ut
332 706 515 786 accepimus
537 728 603 768 non
627 708 792 784 solverint,
807 727 1003 789 quamquam
1020 705 1076 767 alii
1091 708 1240 785 prompte
1258 704 1426 767 solverunt

278 800 364 879 quod
387 801 559 880 debebant,
582 805 730 885 quocirca
744 804 834 865 vobis
849 803 996 864 districte
1011 797 1247 885 in(jungimus)
1270 801 1429 881 quatinus

279 896 388 957 omnia
414 898 539 978 praefati
570 900 705 961 subsidii
734 900 894 983 arreragia
923 900 963 961 dc
993 897 1153 959 fructibus
1179 896 1427 977 praebendarum

278 990 409 1053 illarum
424 1015 481 1075 pro
496 995 613 1077 quibus
628 1002 730 1058 restat
745 996 865 1057 solucio
880 995 1028 1056 facienda
1043 1013 1117 1055 curn
1133 992 1299 1054 celeritate
1315 1037 1323 1052 .
1349 1037 1357 1053 .
1383 1036 1391 1054 .
1418 1037 1428 1053 .

280 1106 450 1150 censuram
469 1091 720 1154 ecclesiasticam
736 1092 862 1154 faciatis
879 1092 990 1169 levari,
1006 1096 1041 1152 et
1055 1092 1090 1151 in
1105 1109 1184 1151 usus
1199 1088 1328 1150 fabricae
1342 1108 1427 1170 prae-

280 1183 375 1244 dictae
387 1189 542 1250 converti.
574 1189 664 1251 Bene
673 1190 790 1252 valete.
829 1190 904 1251 Dat.
917 1189 1003 1270 apud
1014 1185 1225 1264 Moneketon‚
1241 1185 1281 1247 Id
1282 1229 1428 1247 .....

280 1282 491 1364 nonagesimo
508 1286 658 1366 septimo·

407 1540 597 1597 REGISTER
620 1543 668 1598 OF
693 1544 778 1597 ABP.
804 1541 1032 1597 OORBRIDGE.
1069 1555 1123 1595 an.
1145 1540 1311 1595 1299-1303.

108 1662 166 1721 (so)
318 1698 322 1703 .
351 1647 540 1711 Reverendo
562 1651 645 1731 patri
660 1651 695 1711 in
711 1649 841 1713 Christo
856 1648 998 1726 Thomas,
1014 1648 1075 1708 Dei
1090 1648 1197 1730 gracia
1212 1646 1308 1708 Ebor.
1324 1643 1430 1706 archi-

107 1722 145 1770 N⁰
155 1722 218 1768 data
284 1743 443 1825 episcopo,
458 1746 584 1829 Angliae
599 1749 742 1828 primati,
759 1768 836 1809 suus
851 1746 987 1808 devotus
1004 1744 1136 1805 clericus
1152 1744 1298 1826 Rogerus
1314 1740 1429 1823 Swayn

108 1804 260 1852 Letterirom
390 1841 396 1853 .
1044 1842 1050 1854 ‚

109 1865 189 1922 Roget
285 1859 455 1903 canonrcus
486 1843 619 1925 Rypon',
644 1843 782 1904 salutern
813 1847 848 1904 et
877 1847 947 1903 tarn
977 1840 1122 1902 debitam
1152 1859 1249 1919 quam
1279 1838 1430 1900 devotam

108 1922 261 2040 {ffistffop
285 1935 518 2015 obedienciam,
549 1940 777 2016 reverenciam,
808 1944 842 2000 et
872 1936 1038 1999 honorem.
1083 1936 1111 1996 A
1141 1935 1231 1997 vobis
1261 1953 1365 2014 nuper
1396 1933 1432 1994 in

110 2029 249 2101 cuhridge,
286 2034 446 2094 mandatis
468 2037 583 2116 recepi,
600 2037 685 2117 quod
710 2036 908 2117 investigata
922 2033 1051 2115 plenius
1067 2033 1216 2108 veritate,
1231 2032 1258 2092 si
1273 2030 1339 2092 xv⁸⁰
1355 2028 1432 2091 Kal.

285 2129 390 2205 Junii,
416 2132 624 2211 pontificatus
651 2133 775 2200 domini
800 2130 958 2193 Bonifacii
988 2151 1079 2212 papae
1101 2125 1182 2212 viij*i
1204 2148 1288 2189 anno
1318 2126 1353 2209 iij
1379 2125 1433 2187 vel

285 2228 507 2309 postmodum,
532 2229 704 2309 praebenda
725 2229 834 2310 aliqua
858 2228 892 2288 in
919 2227 1107 2308 Ryponenci
1134 2225 1260 2287 vacavit
1286 2221 1433 2300 ecclesia,

285 2319 363 2381 licet
378 2323 479 2403 ipsius
495 2327 689 2405 possessioni
703 2326 820 2407 aliquis
836 2325 1021 2386 incubuerit
1036 2322 1088 2385 vel
1103 2322 1282 2398 incumbat,
1292 2318 1434 2400 qualiter

287 2421 322 2476 et
336 2437 355 2477 a
370 2438 434 2499 quo
450 2425 595 2502 ternpore
612 2442 669 2483 seu
686 2422 792 2503 siqua
814 2441 900 2481 nunc
917 2425 1008 2481 vacet
1030 2421 1096 2480 sive
1112 2439 1177 2479 una
1193 2418 1260 2478 sive
1275 2416 1383 2498 plures
1400 2418 1435 2477 et

288 2513 442 2594 quicquid
467 2517 613 2578 invenire
636 2522 758 2598 potero,
775 2517 864 2580 vobis
887 2516 1040 2578 distincte
1067 2519 1102 2576 et
1125 2518 1236 2595 aperte
1259 2510 1434 2573 rescribere

289 2628 355 2670 non
369 2612 542 2674 tardarem.
589 2614 692 2695 Super
714 2613 894 2694 quibusda
917 2612 1005 2672 omni
1028 2614 1120 2692 parte
1135 2613 1230 2691 prout
1251 2607 1344 2689 potui
1358 2605 1435 2668 dili-

248 2774 256 2788 ·
290 2712 406 2786 genter
429 2707 490 2768 feci
513 2710 769 2791 inquisicionem,
785 2730 842 2791 per
858 2729 956 2790 quam
979 2708 1090 2768 inveni
1106 2706 1192 2788 quod
1214 2709 1288 2786 post
1301 2710 1435 2784 tempus

114 2821 222 2870 Probent
291 2801 375 2862 datae
406 2805 596 2886 supradictae
626 2827 684 2887 per
713 2813 852 2867 mortem
882 2804 1004 2887 Jacoby
1035 2802 1143 2885 Cyncy
1173 2799 1347 2882 Gwydonis
1377 2799 1435 2881 qui

114 2882 247 2987 ffiffy
292 2895 327 2963 in
358 2898 445 2968 Urbe
476 2901 614 2963 decessit
636 2907 675 2963 ut
697 2902 827 2978 dicitur,
857 2900 1005 2983 quaedam
1034 2897 1206 2980 praebenda
1235 2898 1271 2956 in
1301 2894 1437 2956 ecclesia

115 2999 198 3069 ramos
293 2992 417 3079 Rypon’
428 2998 564 3076 vacavit,
573 2997 850 3080 archiepiscopatu
865 2997 961 3058 Ebor.
977 2996 1105 3057 racione
1120 2994 1246 3055 ultimae
1259 2991 1436 3053 vocacionis

115 3057 250 3174 fffffiffin
294 3091 378 3152 sedis
393 3091 540 3175 ejusdem
563 3096 598 3162 in
621 3116 720 3165 manu
743 3094 866 3156 domini
888 3093 973 3175 regis
997 3093 1167 3166 existente,
1183 3109 1279 3171 quarn
1302 3087 1436 3169 quidem

114 3175 234 3223 rnRome.
292 3188 498 3268 praebendam
514 3191 602 3252 idem
622 3192 772 3253 dominus
795 3210 852 3251 rex
874 3189 914 3250 de
933 3189 1007 3270 jure
1031 3208 1089 3248 suo
1103 3187 1232 3247 cuidam
1246 3182 1370 3245 Thoma
1394 3182 1436 3245 de

294 3282 453 3347 sabaudia
476 3307 533 3356 suo
556 3288 697 3349 contulit
712 3286 952 3369 consanguineo
975 3289 1009 3345 et
1032 3283 1171 3345 eundem
1189 3302 1247 3363 per
1261 3279 1437 3361 quemdam

292 3382 485 3462 magistrum
501 3383 683 3454 Gerardum
699 3388 936 3465 procuratorem
953 3400 1049 3442 suum
1063 3379 1173 3446 literas
1197 3397 1270 3443 suas
1286 3378 1436 3458 patentes

293 3476 506 3557 deferentem,
522 3480 663 3560 capitulo
678 3479 803 3562 Rypon’
818 3479 859 3540 ad
875 3477 1117 3541 admittendum
1139 3474 1221 3536 inibi
1243 3475 1280 3534 in
1303 3471 1437 3533 fratrem

293 3577 328 3634 et
357 3576 605 3637 concanonicum
642 3576 683 3638 ad
720 3576 841 3637 dictam
878 3573 1082 3656 praebendam
1116 3571 1300 3646 destinavit,
1337 3587 1437 3649 quern

293 3670 484 3750 capitulum,
510 3672 587 3733 visis
612 3673 715 3734 literis
742 3679 777 3734 et
805 3671 958 3733 mandato
983 3668 1106 3731 domini
1130 3667 1225 3750 regis,
1250 3665 1337 3727 salvo
1361 3662 1438 3745 jure

292 3765 467 3847 cujuslibet
481 3775 664 3830 reverenter
678 3769 820 3831 admisit.
866 3766 966 3850 Cujus
980 3764 1172 3848 possessioni
1186 3763 1275 3823 idem
1286 3758 1438 3836 Thomas,

289 3860 364 3944 jure
387 3861 562 3945 cujuslibet
585 3865 682 3942 salvo,
697 3885 755 3947 per
771 3867 1008 3946 procuratorem
1024 3858 1129 3921 adhuc
1144 3857 1318 3934 incumbit,
1333 3860 1369 3917 et
1392 3856 1439 3917 sic

293 3959 416 4020 nullam
432 3960 527 4021 aliam
542 3961 746 4042 praebendam
763 3961 958 4041 adpraesens
981 3959 1015 4019 in
1041 3957 1154 4019 eadem
1178 3955 1242 4016 scio
1258 3957 1437 4014 vacantem.

292 4055 534 4138 Transcriptum
572 4058 738 4119 literarum
776 4056 899 4118 domini
936 4055 1022 4137 regis
1061 4073 1156 4134 super
1193 4049 1255 4112 hoc
1295 4047 1439 4130 capitulo

292 4152 486 4214 directarum
511 4155 602 4215 vobis
626 4155 815 4215 transmitto
843 4153 869 4213 si
894 4151 1000 4233 placet
1026 4148 1275 4230 inspiciendum.
1321 4143 1440 4206 Valeat

292 4250 470 4329 paternitas
485 4256 592 4311 vestra
607 4271 664 4331 per
680 4257 827 4331 tempora
841 4249 1006 4328 diuturna.
1255 4300 1258 4307 .

358 4343 726 4409 ,rodoara-Domino
751 4367 807 4408 suo
829 4346 855 4406 si
878 4345 984 4426 placet
1007 4389 1015 4404 .
1040 4389 1048 4404 .
1072 4339 1318 4422 Archiepiscopo
1341 4336 1436 4398 Ebur.

289 4462 350 4536 per
365 4464 460 4507 suum
470 4442 634 4521 Rogerum
647 4443 770 4514 Swavn.
801 4439 915 4504 Marios
928 4439 966 4524 os
977 4436 1045 4504 cml
1056 4435 1128 4502 aad
1136 4433 1277 4521 foldt'np
1286 4432 1325 4518 of
1337 4432 1437 4497 letter.
