3074 5032
261 337 433 389 EX'FRAOTS
458 335 557 387 FROM
582 334 679 385 YORK
704 335 914 400 nnclsrnsss3
941 335 1104 389 annnn
1359 319 1430 392 135

107 526 176 584 noe,
191 511 411 588 procuratores
435 524 508 566 suos
522 503 698 565 literatorie
723 507 758 565 et
781 502 976 565 sufficienter
997 505 1203 582 constitutos,
1219 525 1256 566 ac
1280 514 1426 562 Theabscnt

107 603 261 684 praedicto
285 602 421 683 Gydone
444 606 483 663 ut
505 599 675 682 praefertur
696 601 737 662 ad
759 598 947 682 hujusmodi
969 606 1080 662 actum
1105 601 1255 684 legitime
1280 575 1424 679 ζῗέῐῖᾎῗὲῃ.

107 698 207 759 citato
223 702 258 758 et
272 698 477 778 praemunita,
493 701 590 777 prout
604 716 662 777 per
684 696 948 758 certificatorium
970 697 1048 760 inde
1070 695 1255 759 confectum
1279 693 1423 740 tumaerous.

107 797 142 854 et
162 793 284 855 ibidem
307 791 437 874 puplice
456 797 625 854 ostensum
647 796 681 854 et
704 788 887 853 exhibitum
909 792 1033 874 liquere
1056 799 1166 874 potest
1188 793 1256 855 evi·

106 887 233 965 denter,
257 888 478 969 praeconizato,
502 887 630 948 diucius
660 891 840 968 expectata,
871 892 906 948 et
930 887 1141 950 nullomodo
1166 908 1254 950 com·

106 988 251 1064 parente,
274 987 463 1045 contumace
485 986 582 1063 prout
597 985 666 1044 erat
687 987 848 1063 quantum
870 983 911 1044 ad
933 988 1043 1044 actum
1066 983 1254 1065 hujusmodi

106 1083 265 1160 reputate,
282 1076 395 1140 habito
412 1098 508 1160 super
530 1078 704 1159 praemissis
730 1078 818 1138 inter
839 1097 897 1140 nos
913 1098 1025 1140 omnes
1039 1078 1163 1141 ibidem
1177 1098 1254 1140 con·

107 1180 258 1257 gregatos
273 1174 426 1256 diligenti
441 1178 583 1236 tractatu
599 1174 656 1255 qui
671 1173 848 1255 requiritur
863 1175 898 1234 in
914 1172 974 1235 hoc
989 1194 1075 1236 casu.

175 1270 271 1348 ιΝοε,
288 1269 475 1352 Capitulum
494 1268 638 1331 ecclesiae
660 1267 777 1350 Ripon'
802 1269 1005 1350 praedictum,
1031 1274 1162 1352 propter
1186 1272 1254 1332 evi·
1278 1277 1417 1346 Thaenae

106 1366 239 1428 dentem
253 1366 434 1427 utilitatem
448 1366 551 1447 ipsius
567 1364 719 1442 ecclesiae,
736 1370 771 1426 et
785 1364 947 1426 dictorum
961 1365 1254 1446 praebendariorum
1278 1337 1319 1440 {1⁸12
1325 1349 1406 1441 {³32}ss

105 1462 311 1524 commodum
327 1467 360 1523 et
374 1463 531 1543 quietem,
544 1461 585 1523 de
596 1461 762 1522 voluntate
778 1464 813 1521 et
823 1480 982 1522 consensu
993 1461 1254 1523 reverendissimi
1277 1453 1392 1558 ἓξὲξ).

105 1559 141 1619 in
165 1555 292 1620 Christo
322 1558 422 1639 patris
446 1563 481 1618 et
506 1557 640 1633 domini,
667 1557 791 1618 domini
814 1556 1001 1635 Alexandri,
1030 1559 1254 1639 permissione,
1278 1585 1334 1617 mon
1343 1571 1412 1618 fund.

107 1655 168 1713 etc.
199 1673 236 1713 ac
266 1654 412 1714 omnium
438 1656 585 1714 nostrum
622 1656 658 1713 et
694 1652 840 1713 omnium
870 1652 1006 1713 aliorum
1035 1673 1172 1734 quorum
1202 1654 1254 1714 in·
1280 1629 1350 1690 (Μ’)

105 1751 208 1809 terest
223 1749 258 1809 in
273 1746 333 1809 hac
348 1753 450 1830 parte,
465 1752 680 1830 praeterquam
695 1748 797 1828 ipsius
813 1748 937 1808 domini
955 1747 1102 1830 Gydonis
1121 1753 1160 1810 ut
1174 1768 1255 1830 prae·

105 1841 209 1904 fertur
231 1845 439 1922 contumacis,
460 1845 517 1926 qui
537 1865 556 1905 a
573 1843 721 1904 firmariis
745 1843 810 1904 suis
833 1843 951 1924 quibus
972 1841 1161 1925 hujusmodi
1182 1864 1255 1926 par-

107 1939 222 2021 cellam
239 1960 272 2000 se
284 1944 319 2001 et
328 1939 534 2020 praebendam
545 1939 889 2021 suamcontingentem
901 1939 941 2000 ad
952 1938 1079 2001 firmam
1088 1939 1254 2001 dimittere

107 2037 285 2113 consuevit,
308 2035 395 2097 ultra
424 2036 594 2097 dimidiam
619 2054 760 2095 marcam
791 2035 919 2118 argenti
949 2054 1014 2096 non
1042 2035 1166 2116 recepit
1194 2055 1255 2097 nec

106 2129 224 2193 habere
239 2133 358 2212 potuit,
368 2152 479 2193 omnes
490 2135 524 2192 et
535 2130 676 2213 singulas
686 2131 851 2211 porciones
862 2151 919 2192 seu
927 2130 1082 2212 percellas
1094 2131 1255 2192 dictarum

106 2225 316 2305 decimarum,
332 2226 565 2310 garbarum,et
580 2225 670 2303 foeni,
686 2227 877 2287 communiae
896 2227 992 2288 dictae
1015 2226 1159 2289 ecclesiae
1180 2246 1256 2288 nos-

105 2327 165 2384 trae
180 2321 307 2404 Ripon',
322 2323 471 2385 invocata
487 2323 598 2384 Sancti
622 2321 761 2402 Spiritus
783 2321 900 2404 gracia,
923 2322 1123 2404 applicamus
1147 2326 1182 2384 et
1203 2341 1255 2383 as·

106 2419 282 2501 signamuS,
299 2424 333 2480 et
348 2420 434 2500 ipsas
451 2419 487 2478 in
502 2438 580 2480 usus
597 2422 631 2479 et
645 2417 824 2479 utilitatem
834 2417 929 2478 dictae
939 2419 1131 2480 communiae
1142 2418 1255 2480 cedere

105 2512 254 2576 volumus
276 2515 444 2596 perpetuis
465 2513 665 2595 temporibus
685 2515 721 2574 in
741 2510 902 2590 futurum,
929 2533 1005 2574 cum
1029 2514 1178 2577 omnibus
1204 2514 1256 2575 in-

104 2608 292 2691 frascriptis.
1109 2654 1112 2659 -

172 2704 387 2768 ‘Ordinamus
397 2707 539 2787 insuper,
550 2705 709 2781 volumus,
720 2709 754 2766 et
765 2703 966 2766 deseruimus
976 2701 1056 2790 (stc)
1066 2705 1152 2787 quod
1160 2705 1256 2767 dictae
1281 2711 1419 2783 qompenss·

37 2830 43 2836 ·
105 2800 247 2863 ecclesiae
273 2800 393 2862 fabrica
418 2802 497 2863 duos
526 2801 640 2863 solidos
664 2801 791 2883 argenti
815 2800 1087 2882 proquibusdam
1108 2801 1256 2883 parcellis
1280 2771 1426 2876 ffiffssfffi

105 2898 227 2958 vocatis
236 2894 350 2958 Asscrt
361 2897 402 2958 de
411 2897 576 2980 Depigill,¹
589 2895 826 2977 praebendarius
838 2896 1017 2976 praebendae
1026 2897 1066 2958 de
1076 2895 1256 2958 Monketon
1281 2890 1329 2934 ano
1373 2890 1415 2934 Μ

106 2994 219 3055 decem
229 2993 327 3055 libras
339 2995 478 3078 argenti,
488 2994 727 3076 praebendarius
737 2991 915 3074 praebendae
925 2994 966 3055 de
977 2992 1130 3074 Stodelay
1137 2993 1257 3076 viginti
1281 2961 1375 2994 canon.

107 3088 223 3150 solidos
260 3091 399 3172 argenti,
429 3089 668 3170 praebendarius
698 3087 879 3168 praebendae
908 3087 950 3147 de
980 3086 1171 3168 Gyuendale
1202 3107 1258 3149 sex

107 3183 224 3246 solidos
248 3190 283 3245 et
306 3188 379 3247 octo
403 3185 562 3262 denarios,
585 3183 824 3266 praebendarius
846 3180 1025 3263 praeben'dae
1048 3181 1089 3244 de
1112 3181 1258 3264 Nonwyk

106 3299 161 3341 sex
176 3279 292 3341 solidos
308 3286 342 3342 et
352 3285 423 3342 octo
435 3281 592 3356 denarios,
601 3278 840 3360 praebendarius
851 3276 1030 3359 praebendae
1041 3278 1082 3339 de
1095 3275 1257 3340 Sharrowe

106 3395 162 3437 sex
185 3376 301 3437 solidos
318 3380 352 3436 et
366 3381 438 3437 octo
461 3376 620 3452 denarios,
638 3374 879 3455 praebendarius
899 3371 1079 3453 praebendae
1094 3373 1135 3434 de
1150 3371 1258 3456 Thorp

108 3491 163 3532 sex
179 3471 296 3534 solidos
312 3476 346 3533 et
361 3477 433 3534 octo
454 3473 613 3549 denarios,
632 3471 689 3552 qui
706 3475 783 3532 sunt
805 3474 839 3531 et
861 3473 958 3530 erunt
974 3489 1165 3531 suscessores
1184 3467 1254 3552 (sic)

107 3569 292 3650 quicunque
315 3570 476 3631 dictarum
497 3569 741 3651 praebendarum
763 3566 977 3650 praebendarii
999 3566 1040 3628 de
1062 3567 1150 3630 dicta
1172 3588 1259 3630 com-

108 3665 221 3724 munia
243 3669 352 3726 nostra
370 3685 388 3725 a
408 3664 491 3726 festo
510 3665 782 3726 Annuneiacionis
805 3663 915 3724 Beatae
935 3662 1047 3724 Mariae
1062 3662 1207 3747 Virginis
1225 3668 1259 3724 et

109 3759 299 3821 Nativitatis
325 3760 436 3823 Sancti
466 3758 626 3824 iohannis
656 3760 813 3842 Baptistae
843 3778 902 3841 per
930 3757 1070 3840 aequales
1093 3760 1258 3840 porciones

106 3857 272 3936 perpetuis
296 3855 415 3918 futuris
442 3855 642 3938 temporibus
663 3857 846 3938 percipient
868 3855 1050 3928 annuatim,
1073 3854 1109 3913 in
1134 3873 1259 3915 recom-

108 3952 335 4030 pensacionem
360 3972 417 4033 pro
443 3951 648 4033 porcionibus
673 3972 731 4013 seu
754 3949 902 4032 parcellis
925 3947 1151 4030 praedictarum
1173 3947 1260 4009 deci-

108 4066 236 4107 marum
252 4066 331 4128 quas
345 4047 409 4128 ipsi
427 4048 568 4129 recipere
584 4052 623 4107 ut
637 4045 808 4127 praefertur
830 4047 1067 4105 consueverunt
1082 4046 1116 4104 et
1130 4041 1260 4104 habere.

175 4142 230 4203 ‘In
239 4162 377 4224 quorum
386 4144 534 4204 omnium
543 4142 768 4204 testimonium
779 4139 924 4224 sigillum
933 4142 1080 4199 nostrum
1089 4156 1261 4201 commune

107 4238 322 4319 praesentibus
338 4239 490 4301 duximus
499 4238 738 4320 apponendum.
783 4237 859 4297 Dat.
869 4231 1144 4316 Ripon’,ind0mo
1153 4237 1261 4295 nostra

108 4370 209 4502 fb(l)
228 4371 285 4502 Tsshe
304 4379 403 4427 assarta
421 4391 452 4427 or
470 4371 621 4428 cultivated
640 4371 718 4426 lands
736 4370 768 4424 of
786 4367 911 4440 Deepgiu
928 4385 974 4423 ara
993 4367 1148 4424 mentioned
1166 4367 1195 4423 in
1213 4368 1261 4424 tha

120 4467 236 4503 arro-ro
258 4467 278 4504 s.
