3074 5032
300 330 474 383 nxralcrs
496 329 596 383 saon
620 329 718 382 xoux
742 330 955 397 susurnam
981 332 1060 384 111.
1357 310 1428 387 111

173 496 342 573 Praeterea,
366 498 393 559 si
415 498 602 581 potentibus
616 502 674 559 aut
689 498 916 561 illustrissimis
930 499 1113 562 illustribus
1130 497 1254 580 aliquid
1280 506 1347 553 nwe
1358 507 1424 552 show

106 594 294 674 exposituri,
316 599 374 654 aut
399 614 457 675 pro
480 594 590 675 aliqua
613 614 649 655 re
669 595 755 675 apud
780 614 834 656 eos
856 595 1066 658 intercessuri
1086 615 1152 657 non
1172 615 1254 676 prae·
1278 578 1432 683 ἷξνξζξὲῗξη

107 686 296 773 su(m)imus
312 691 375 750 nisi
390 709 466 750 cum
489 709 615 750 summa
629 686 817 751 humilitate
832 694 868 752 et
887 692 1072 754 reverencia
1086 692 1121 753 id
1136 690 1253 768 facere,
1278 683 1421 787 2¹¹&th

106 789 228 864 quanto
256 787 360 867 magis
391 785 459 846 Deo
489 785 668 846 Immortali
698 789 732 846 et
759 785 898 848 Domino
922 787 1147 849 universorum
1177 806 1252 848 cum
1278 757 1353 846 nluch’
1366 811 1431 846 moro

106 882 195 940 omni
220 879 420 958 humilitate,
444 881 637 956 reverencia,
662 885 696 942 et
722 881 896 944 devocione
921 881 1168 964 supplicandum
1192 885 1253 944 est.
1279 859 1415 965 fflffiw

108 974 191 1047 Quia
205 981 318 1038 tamen
333 998 372 1038 ex
386 977 613 1038 canonicorum
628 976 723 1037 dictae
739 977 883 1039 ccclesiae
898 978 1056 1039 relacione
1071 978 1254 1059 accepimus

108 1069 342 1133 Christoferum
366 1072 518 1154 Dragley,
549 1071 643 1131 dictae
671 1071 812 1132 ecclesiae
841 1072 1032 1134 canonicum
1061 1071 1255 1133 residencia-
1278 1074 1327 1122 Yet
1337 1073 1395 1122 chr.

107 1167 205 1244 rium,
229 1169 440 1248 semetipsum
471 1166 663 1227 multociens
692 1166 881 1229 indecenter
911 1173 946 1229 et
975 1168 1190 1229 irreverenter
1219 1167 1255 1226 in
1279 1134 1386 1238 {³359}

108 1260 205 1323 choro
227 1261 421 1340 exhibuisse,
437 1268 472 1324 et
487 1281 593 1322 coram
618 1281 744 1322 summo
758 1261 852 1323 altari
867 1263 977 1324 divina
990 1263 1094 1324 officia
1107 1281 1256 1324 murmu·
1279 1251 1409 1356 ffiff*

107 1358 218 1434 randc,
229 1362 377 1439 cooperto
387 1359 493 1440 capite
504 1359 717 1418 irreverenter
731 1357 955 1420 deambulasse
967 1363 1002 1420 et
1016 1358 1254 1434 transcurrisse,
1280 1369 1306 1415 in
1316 1324 1424 1416 churlh⁴

109 1454 228 1515 idcirco
250 1454 313 1516 tibi
339 1452 534 1518 Christofero
560 1452 699 1536 Dragiey
723 1457 758 1516 et
783 1455 910 1516 caeteris
940 1452 1087 1536 ejusdem
1112 1454 1254 1516 ecclesiae

109 1551 268 1611 canonicis
292 1555 328 1612 ct
349 1549 508 1611 ministris
531 1548 679 1611 districtc
705 1550 909 1630 praecipimus
925 1554 960 1611 et
984 1550 1185 1626 mandamus,
1211 1569 1255 1611 ne

108 1646 279 1726 quisquam
294 1651 440 1707 vestrum
455 1645 495 1706 de
510 1648 625 1705 caetero
640 1663 746 1704 coram
768 1663 895 1705 summo
909 1644 1003 1705 altari
1023 1644 1172 1706 divinum
1188 1644 1256 1706 offi-

110 1742 199 1801 cium
214 1760 420 1802 murmurans
435 1745 635 1801 transcurrat
649 1744 707 1801 aut
715 1738 872 1816 ambulet,
885 1758 943 1800 seu
951 1739 988 1800 in
1003 1738 1099 1801 choro
1114 1760 1149 1800 se
1164 1740 1257 1801 inde-

109 1841 220 1897 center
244 1834 404 1913 exhibeat,
420 1841 479 1897 1111
501 1837 537 1896 in
561 1834 675 1896 eodem
691 1834 741 1896 vel
757 1834 866 1915 aliqua
888 1839 980 1916 parte
1003 1835 1099 1896 dictae
1114 1834 1256 1896 ecclesiae

109 1938 255 2013 tempore
278 1933 463 1994 divinorum
489 1929 687 2008 confabulet,
713 1950 755 1991 ne
778 1928 968 2011 hujusmodi
989 1931 1157 1992 temeritas
1180 1930 1257 1990 sim-

109 2027 247 2108 plicibus
263 2028 404 2109 praebeat
426 2027 592 2088 audaciam
613 2025 834 2108 delinquendi,
849 2046 886 2087 ac
900 2026 1093 2087 reverenciae
1109 2030 1144 2089 et
1161 2025 1258 2087 devo-

109 2123 210 2184 cionis
225 2123 383 2184 fervorem
397 2122 530 2184 adimet.

176 2220 273 2295 Item,
292 2219 348 2281 ubi
370 2239 428 2300 per
450 2219 618 2298 antiquam
641 2215 789 2299 ejusdem
812 2217 955 2279 ecciesiae
976 2217 1261 2295 consuetudinem,
1281 2223 1414 2282 Thechup-

109 2312 329 2376 thesaurarius
348 2314 443 2375 dictae
465 2313 607 2374 ecclesiae
633 2312 770 2394 singulis
792 2312 907 2375 diebus
929 2333 967 2375 ea
989 2310 1068 2374 hora
1089 2333 1154 2395 qua
1176 2313 1258 2375 solet
1282 2282 1416 2400 wlff„

110 2407 226 2471 chorus
256 2411 292 2471 in
315 2409 380 2470 fine
406 2408 492 2471 horae
518 2408 637 2470 Primae
663 2408 705 2469 ad
729 2409 911 2490 capitulum
933 2408 1117 2485 convenire,
1139 2407 1257 2491 januas
1282 2400 1372 2505 parm

110 2506 224 2568 domus
253 2506 437 2587 capitularis
466 2504 562 2566 dictae
592 2504 734 2565 ecclesiae
766 2509 891 2586 apertas
921 2509 1033 2567 tenere
1064 2524 1123 2566 seu
1151 2504 1258 2566 teneri

109 2606 234 2683 apertas
260 2600 365 2662 facere
388 2605 521 2662 tenetur
546 2608 580 2661 et
603 2599 712 2676 debet,
737 2603 775 2661 ut
801 2600 947 2662 canonici
971 2604 1006 2662 et
1030 2599 1087 2661 alii
1111 2598 1257 2682 ejusdem

110 2697 251 2759 ecclesiae
266 2697 408 2758 ministri
422 2696 546 2758 dictam
560 2695 694 2756 domum
709 2695 849 2777 ingredi,
858 2695 1045 2778 ibidemque
1060 2695 1258 2758 versiculum

108 2790 265 2855 Prcoa'oso
291 2813 366 2854 cum
392 2793 539 2854 oracione
565 2795 600 2852 ct
622 2791 746 2852 oaeteris
768 2791 918 2872 precibus
938 2792 1101 2854 consuetis
1121 2791 1257 2872 psallere

108 2888 248 2964 valeant,
254 2887 349 2970 juxta
360 2888 568 2968 antiquorum
580 2890 711 2967 patrum
723 2890 847 2948 statuta
856 2891 891 2948 et
901 2886 1097 2949 laudabilem
1107 2886 1258 2949 Ecclesiae

108 2984 295 3067 Anglicanae
311 2983 589 3059 consuetudinem,
604 2980 835 3042 nichilominus
849 2986 972 3058 tamen,
988 2983 1148 3044 canonicis
1163 2982 1258 3044 dictae

108 3080 251 3140 ecclesiae
280 3078 563 3160 conquerentibus,
593 3077 807 3157 comperimus
838 3082 873 3137 et
900 3077 1085 3139 invenimus
1116 3075 1259 3140 Christo·
1281 3083 1402 3133 Bato-D.

109 3174 214 3236 ferum
228 3174 369 3258 Dragley
383 3174 478 3235 dictae
493 3173 635 3235 ecclesiae
654 3170 901 3249 thesaurarium,
910 3172 952 3233 ad
963 3192 1060 3254 quem
1071 3172 1112 3234 de
1123 3172 1258 3252 antiqua
1280 3144 1402 3250 ffiffig,
1417 3188 1421 3192 ·

110 3269 256 3352 ejusdem
279 3271 419 3332 ecolesiae
435 3268 668 3331 consuetudine
684 3267 830 3329 custodia
851 3266 948 3329 clavis
971 3265 1117 3348 ejusdem
1142 3267 1258 3328 domus
1368 3261 1370 3264 ⁴

110 3366 295 3446 capitularis
320 3366 473 3446 pertinet,
493 3365 528 3425 in
555 3363 727 3446 aperiendo
755 3363 952 3445 seuaperiri
973 3362 1121 3424 faciendo
1139 3360 1257 3444 januas

110 3461 206 3522 dictae
220 3461 335 3522 domus
355 3460 551 3542 capitularis,
566 3459 665 3534 nimis
684 3459 867 3535 remissum,
883 3457 1088 3541 culpabilem,
1104 3462 1139 3522 et
1157 3457 1258 3521 necli-

109 3561 244 3638 gentem
258 3556 357 3619 fuisse
372 3563 407 3618 et
422 3576 502 3634 esse,
513 3555 630 3638 januas
646 3553 791 3637 ejusdem
806 3555 920 3617 domus
938 3555 1123 3637 capitularis
1139 3553 1259 3618 multo·

109 3654 197 3715 tiens
226 3654 348 3715 clausas
379 3652 543 3729 servando,
573 3652 661 3714 unde
690 3652 772 3713 dicti
800 3652 944 3713 canonici
967 3656 1000 3714 et
1029 3651 1086 3715 alii
1112 3650 1259 3733 ejusdem

109 3749 253 3812 ecclcsiae
283 3750 425 3811 ministri
455 3749 591 3810 eandem
628 3748 761 3810 domum
797 3748 1007 3829 capitularem
1044 3740 1171 3830 ingredi
1200 3751 1259 3811 aut

109 3844 233 3906 ibidem
263 3844 458 3907 versiculum
487 3864 562 3905 cum
592 3844 737 3905 oracione
766 3843 919 3924 praedicta
947 3842 1084 3924 psallere
1120 3843 1258 3904 minime
1424 3909 1427 3914 ,

110 3945 271 4021 poterant,
286 3941 348 4002 tibi
364 3941 467 4023 igitur
486 3938 682 4003 Christofero
704 3938 856 4022 Dragley,
870 3936 1069 4000 thesaurario
1083 3938 1258 4014 antedicto,
1284 3949 1308 3996 It
1318 3950 1339 3996 is
1349 3953 1373 3996 to
1383 3949 1415 3997 ho

111 4036 259 4098 districte
284 4035 500 4118 injungimus,
519 4035 737 4116 praecipimus,
756 4037 790 4094 et
812 4032 1016 4110 mandamus,
1037 4037 1197 4114 quatenus
1220 4036 1259 4093 tn
1282 4009 1403 4128 2:¹02·th

105 4131 250 4213 ‚singulis
266 4131 391 4208 diebus,
408 4151 446 4193 ea
461 4129 539 4193 hora
554 4151 618 4212 qua
637 4129 719 4190 solet
729 4126 845 4190 chorus
860 4128 895 4188 in
911 4127 976 4189 fine
985 4125 1071 4189 horas
1085 4127 1204 4190 Primae
1219 4127 1260 4188 ad
1283 4127 1372 4234 {wilri}

110 4227 293 4309 capitulum
318 4227 502 4304 convenire,
524 4224 641 4308 januas
664 4224 759 4285 dictae
785 4224 900 4285 domus
925 4222 1111 4305 capitularis
1133 4227 1260 4304 apertas
1294 4200 1310 4231 Π
1395 4260 1425 4278 .-

112 4327 223 4384 teneas
240 4343 298 4384 seu
311 4326 440 4404 apertas
454 4323 559 4384 teneri
574 4320 730 4396 facias,ut
745 4319 825 4381 dicti
839 4318 984 4380 canonici
998 4322 1034 4380 et
1047 4317 1104 4380 alii
1118 4318 1261 4381 ministri

113 4420 251 4481 eandem
274 4420 407 4482 domum
428 4419 567 4502 ingredi,
589 4417 775 4501 ibidemque
797 4414 991 4479 versiculum
1006 4403 1164 4480 Pracioea
1185 4436 1261 4479 cum
