3074 5032
278 328 450 380 Excussis
475 327 574 379 FROM
599 326 695 378 YORK
720 326 932 392 Rnclsrnlcs3
959 328 1111 381 MELTON.

115 500 343 581 Apostolorum
372 496 463 559 Petri
494 499 528 557 et
551 495 656 573 Pauli,
687 514 813 558 necnon
840 495 1044 559 Sanctissimi
1068 496 1264 561 Confessoris

116 595 285 674 Willelmi,
301 593 521 673 Omniumque
537 591 728 654 Sanctorum
744 593 870 653 meritis
886 592 1098 672 confidentes,
1113 592 1263 655 omnibus

114 690 316 773 parochianis
332 690 450 750 nostris
472 692 506 749 et
521 686 593 748 aliis
609 707 747 768 quorum
762 688 936 750 dioecesani
950 687 1035 751 hanc
1052 693 1197 752 nostram
1212 691 1264 750 in-

114 787 319 870 dulgenciam
345 789 451 846 ratam
477 781 661 859 habuerint,
689 783 729 844 de
755 785 896 864 peccatis
924 784 991 846 suis
1018 805 1093 848 vere
1116 785 1263 846 contritis

16 924 18 928 ,
114 882 348 965 poenitentibus
375 885 410 942 et
435 879 600 956 confessis,
623 879 680 961 qui
706 878 801 961 juxta
831 878 1091 943 exhortacionem
1119 886 1262 943 nostram

114 981 301 1061 praedictam
324 977 492 1040 ecclesiam
514 975 727 1037 relevaverint
749 980 972 1054 memoratam,
988 981 1023 1038 et
1045 977 1087 1038 ad
1109 975 1262 1058 fabricam

115 1076 261 1158 ejusdem
284 1074 426 1137 ecclesiae
449 1071 597 1134 debonis
622 1071 682 1133 sibi
705 1092 725 1132 a
740 1073 810 1134 Deo
833 1072 960 1134 collatis
982 1092 1099 1135 manus
1114 1093 1263 1153 porrexe-

113 1172 179 1233 rint
202 1170 387 1254 adjutrices,
406 1167 620 1250 quadraginta
644 1166 713 1229 dies
736 1167 777 1229 de
800 1166 947 1250 injuncta
971 1168 1033 1230 sibi
1054 1169 1262 1250 poenitencia,

37 1266 38 1269 ’
112 1268 181 1330 Deo
210 1266 364 1348 propicio,
392 1264 643 1326 misericorditer
665 1263 859 1341 relaxamus,
889 1264 1114 1347 indulgencias
1138 1285 1213 1326 vero
1242 1286 1262 1327 a

111 1362 349 1427 venerabilibus
364 1360 510 1442 patribus
526 1359 720 1441 coepiscopis
735 1361 853 1421 uostris
868 1360 962 1442 regni
973 1360 1110 1444 Angliae,
1119 1361 1261 1443 graciam

112 1460 197 1521 sedis
205 1458 397 1540 Apostolicae
411 1461 445 1518 et
454 1456 679 1517 execucionem
694 1476 824 1517 suorum
836 1455 1012 1518 officiarum
1023 1456 1261 1533 obtinentibus,

110 1556 152 1618 ad
166 1556 201 1617 id
215 1556 278 1616 rite
294 1573 470 1630 concessas,
480 1556 514 1613 et
528 1553 564 1612 in
578 1556 744 1632 posterum
759 1552 990 1630 concedendas,
1002 1557 1088 1614 ratas
1104 1550 1261 1614 habentes

110 1652 231 1733 pariter
247 1655 281 1712 et
294 1654 452 1731 acceptas.
487 1649 528 1709 In
543 1648 636 1730 cujus
651 1649 699 1709 rei
710 1647 937 1709 testimonium
953 1648 1099 1731 sigillum
1114 1651 1261 1709 nostrum

111 1746 325 1829 praesentibus
350 1749 401 1806 est
422 1764 615 1825 appensum.
660 1743 735 1804 Dat.
752 1742 879 1823 Ripon’,
893 1741 967 1825 ,fijan
982 1743 1048 1806 kal.
1064 1745 1149 1826 Aug.
1165 1744 1261 1806 Anno

110 1843 226 1926 graciae
241 1841 414 1902 millesimo
429 1845 517 1900 ccc¹¹¹⁰
532 1838 656 1920 xxviijo,
673 1843 707 1900 et
721 1843 812 1918 pont.
827 1838 929 1899 nostri
944 1837 1001 1920 xj0.

177 1937 425 1999 Memorandum
450 1935 536 2017 quod
560 1935 582 2016 ij
609 1933 706 1996 lral’n.
724 1932 906 2015 Septembr.
928 1934 1041 1995 eodem
1065 1954 1150 1996 anno
1173 1936 1259 2016 apud
1284 1944 1388 2015 Johnde

111 2036 236 2096 Burton
250 2054 348 2114 prope
365 2030 493 2093 Beuerl'
507 2030 654 2113 praedicti
670 2030 820 2092 domiuus
835 2029 857 2092 J
858 2029 1001 2093 ohannes
1016 2028 1056 2091 de
1072 2030 1209 2115 Fitlyug
1224 2037 1259 2095 ct
1284 2004 1407 2109 fflffii„

110 2128 274 2193 Johannes
299 2130 349 2215 de·
363 2127 493 2208 Lumby
512 2130 750 2208 praesentarunt
773 2124 930 2188 Thomam
954 2127 994 2188 de
1010 2125 1142 2189 Ulskelf
1160 2148 1258 2209 prope
1282 2121 1420 2226 {essffiby

110 2223 273 2287 Tadcastr’
303 2229 337 2285 et
366 2222 570 2284 Willelmum
604 2223 645 2284 de
679 2221 829 2304 Barneby
856 2242 952 2304 super
982 2223 1085 2299 Done,
1115 2223 1258 2302 clericos,
1283 2194 1433 2298 siistitutes

109 2321 243 2383 nuncios
268 2323 303 2380 et
327 2318 522 2381 substitutos
542 2319 689 2400 praedicti
716 2319 840 2380 domiui
861 2317 1031 2396 Johannis,
1053 2319 1095 2381 ad
1117 2319 1258 2381 officium
1282 2298 1385 2403 {ssssrssm

108 2417 334 2491 memoratum,
349 2415 407 2495 qui
423 2414 545 2475 eisdem
560 2414 613 2475 die
630 2419 664 2476 et
679 2415 748 2476 loco
760 2413 923 2496 jurarunt,
935 2415 1033 2477 tactis
1049 2417 1258 2479 sacrosanctis
1281 2415 1403 2519 fffflg

109 2511 306 2596 Evangeliis,
329 2511 370 2571 de
389 2509 531 2571 fideliter
551 2511 729 2573 exercendo
749 2509 833 2572 illud
856 2509 1009 2588 officium,
1026 2515 1061 2572 et
1084 2507 1178 2591 quod¹
1191 2531 1258 2573 non

107 2608 341 2689 praedicabunt,
356 2626 416 2668 nec
432 2605 568 2669 formam
591 2610 625 2669 et
647 2610 802 2669 contenta
824 2607 860 2670 iu
878 2607 995 2672 brevea
1017 2607 1142 2670 domini
1161 2607 1258 2670 aliter

109 2705 276 2766 excedent.

174 2894 369 2972 Willelmus,
377 2895 587 2975 permissione
598 2896 727 2972 Divina,
736 2896 831 2959 Ebor.
842 2894 1255 2982 Archiepiscopus,Anglice
1280 2905 1337 2966 (94)

108 2993 239 3074 primas,
262 2991 390 3052 dilectis
414 2991 490 3052 filiis
521 2992 663 3073 capitulo
693 2992 835 3055 ecclesiae
865 2997 982 3054 nostrae
1012 2993 1138 3074 Ryp0u‚
1169 2994 1254 3056 salu·
1279 2966 1431 3071 331ῗέἓῇ

107 3093 188 3164 tem,
212 3087 364 3171 graciam,
395 3091 429 3148 et
458 3086 733 3149 benediccionem.
791 3086 872 3149 Cum
901 3086 972 3168 jam
997 3087 1254 3151 intellexerimus
1279 3107 1383 3152 Marco

107 3184 193 3266 quod
216 3202 326 3244 omues
347 3186 382 3243 et
405 3183 541 3265 singulae
563 3182 742 3264 praebendae
768 3182 862 3244 dictae
886 3182 1028 3244 ecclesiae
1054 3187 1170 3244 nostrae
1189 3185 1256 3246 sint
1279 3172 1394 3269 {mm

107 3279 327 3356 sacerdotales,
347 3282 382 3339 et
402 3279 549 3340 ordinem
574 3279 744 3359 requirunt
767 3276 1007 3354 sacerdotalem,
1031 3278 1121 3339 etin
1144 3280 1255 3342 ordine
1282 3281 1429 3385 Thagamuta&

108 3373 295 3436 sacerdotali
317 3374 473 3435 constitui
496 3374 627 3451 debent,
651 3378 686 3435 et
707 3377 871 3452 tenentur,
894 3377 929 3436 et
950 3372 991 3435 ab
1013 3373 1148 3455 antiquo
1162 3377 1256 3437 tene·
1279 3343 1408 3471 Wheffl

107 3470 237 3546 bantur,
252 3469 437 3551 quicunque
452 3470 596 3531 canonici
612 3470 753 3532 ecclesiae
768 3474 964 3549 memoratae,
977 3473 1012 3532 et
1028 3470 1072 3531 sic
1084 3470 1254 3533 obtentum
1279 3483 1320 3528 the
1331 3497 1419 3553 canons

108 3570 159 3628 est
183 3571 218 3628 et
243 3566 350 3628 fuerat
374 3566 409 3627 in
436 3567 569 3628 ecclesia
588 3567 742 3648 praedicta
767 3587 786 3628 a
809 3571 954 3650 tempore
981 3572 1016 3628 et
1044 3588 1102 3649 per
1124 3560 1255 3650 tempus
1279 3542 1399 3648 {0¹21ss

108 3661 202 3744 cujus
224 3662 376 3723 contrarii
399 3663 553 3724 memoria
575 3683 641 3725 non
664 3663 785 3739 existit,
801 3663 914 3726 audito
936 3667 971 3726 et
986 3664 1154 3726 intellecto
1169 3665 1256 3746 quod
1278 3661 1419 3765 fflm'f

108 3757 259 3819 dominus
274 3754 414 3818 Thomas
433 3756 473 3819 de
498 3757 669 3835 sabaudia,
684 3760 740 3840 qui
757 3779 790 3820 se
806 3759 887 3822 dicit
902 3759 1093 3821 canonicum
1108 3757 1255 3841 ejusdem
1279 3732 1405 3836 criucy?⁸0

107 3853 250 3914 ecclesiae
279 3858 397 3915 nostrae
427 3858 462 3915 et
491 3854 747 3935 praebendarium
776 3855 956 3937 praebendae
986 3855 1026 3916 de
1047 3853 1198 3936 Nunwyk
1219 3854 1253 3915 in
1278 3836 1400 3940 {iffi}

107 3949 220 4011 eadem
236 3948 357 4030 absque
373 3969 468 4012 causa
483 3950 643 4034 legitima,
659 3955 694 4013 et
709 3952 798 4013 omni
808 3952 1043 4032 impedimento
1057 3953 1204 4011 cessante
1219 3969 1253 4011 se
1278 3955 1416 4056 eunoubqas

106 4047 252 4108 nondum
275 4045 355 4109 fecit
384 4067 444 4109 uec
470 4047 653 4128 procuravit
676 4049 718 4110 ad
744 4048 870 4110 ordines
900 4067 980 4130 quos
1004 4045 1141 4126 requirit
1167 4045 1254 4107 dicta
1278 4023 1420 4118 iidihedn

104 4142 287 4224 praebenda,
314 4162 375 4204 nec
404 4143 445 4204 od
475 4144 598 4225 aliquos
630 4163 732 4205 sacros
762 4143 890 4205 ordines
920 4141 1111 4224 promoveri,
1143 4145 1255 4204 contra

105 4238 274 4299 canonicas
306 4239 499 4317 sancciones,
524 4242 658 4316 statuta,
689 4239 869 4322 privilegia,
901 4258 957 4299 seu
987 4236 1255 4304 consuetudinem

106 4334 248 4396 ecclesiae
263 4334 449 4415 praelibatae,
464 4336 499 4396 in
522 4336 639 4397 animae
655 4355 721 4396 suae
742 4334 923 4416 periculum
938 4337 973 4395 et
987 4332 1126 4394 aliorum
1147 4334 1256 4415 perni-

106 4432 230 4493 ciosum
248 4431 443 4512 exemplum.
488 4432 532 4494 Et
555 4452 750 4515 quamquam
772 4431 880 4514 ipsum
902 4430 1074 4494 dominum
1096 4428 1254 4493 Thomam

657 4541 708 4588 112
