3068 5024
632 331 839 386 nauculam
864 328 909 386 01
934 331 1054 385 RIPON.

269 504 399 582 ventur,
413 519 450 562 ac
472 499 536 563 tibi
562 501 662 563 etiam
688 500 904 582 praecipimus,
927 499 1142 583 iujungimus,
1160 506 1195 564 et
1216 500 1417 577 mandamus,

270 597 423 677 quatinus
445 596 556 658 debite
577 597 613 658 in
636 596 785 658 omnibus
801 600 836 657 et
857 616 915 677 per
937 584 1046 657 omnia
1066 598 1261 679 perimpleas
1277 596 1419 658 officium

268 695 378 770 tuum,
395 692 492 774 juxta
505 693 642 774 antiqua
657 696 781 754 statuta
797 696 832 753 et
853 690 1052 754 laudabilem
1073 693 1169 755 dictae
1185 693 1419 756 ecclesiaecon-

271 788 490 850 suetudinem.

336 883 440 946 Nobis
462 885 595 966 iusuper
617 904 657 945 ex
672 887 763 966 parte
777 884 859 945 dicti
874 883 1075 945 Marmaduci
1091 884 1260 967 Waldbye,
1275 883 1420 946 canonici

269 980 489 1042 residenciarii
503 981 600 1042 dictae
617 980 772 1056 ecclesiae,
788 979 854 1041 fuit
868 980 1070 1057 intimatum,
1086 981 1262 1062 quodcum
1278 978 1421 1043 Christo-

270 1074 358 1137 ferus
382 1076 524 1159 Dragley
548 1076 634 1139 solus
663 1077 700 1137 in
728 1075 816 1136 dicta
842 1074 978 1136 ecelesia
1000 1076 1172 1154 residebat,
1188 1096 1224 1137 ac
1249 1092 1420 1137 commune

271 1171 417 1253 sigillum
441 1172 589 1253 ejusdem
612 1171 753 1233 ecolesiae
777 1170 861 1231 solus
885 1170 1041 1248 servabat,
1057 1171 1143 1252 quod
1165 1171 1253 1232 idem
1277 1169 1420 1233 Christo·

271 1264 358 1328 ferus
370 1286 481 1328 omnes
496 1267 656 1328 cantarias
671 1266 817 1327 nondum
833 1270 983 1327 vacantes
995 1266 1036 1326 ad
1052 1268 1338 1347 praesentaoionem
1348 1267 1418 1327 sive

271 1360 480 1423 collacionem
504 1361 731 1424 canonicorum
755 1360 1055 1423 residentieriorum
1079 1366 1210 1423 tantum
1226 1366 1420 1443 spectantes,

273 1460 307 1518 et
321 1456 425 1519 officia
439 1461 615 1538 antequam
626 1460 787 1532 vacarent,
798 1456 949 1518 similiter
963 1456 1005 1518 ad
1019 1456 1124 1518 dictos
1138 1458 1306 1518 canonicos
1320 1457 1421 1538 perti-

272 1553 396 1630 nentia,
421 1558 457 1615 et
480 1553 622 1615 decimas
648 1551 821 1636 garbarum
844 1552 884 1613 de
909 1552 1025 1633 Nydde
1048 1551 1089 1613 ad
1111 1553 1330 1613 communiam
1353 1551 1420 1612 sive

272 1648 455 1729 portionem
467 1649 693 1709 canonicorum
707 1647 1004 1709 residentiariomm
1020 1651 1214 1729 spectantes,
1229 1647 1270 1709 ad
1285 1647 1421 1730 longum

271 1748 402 1824 tempus
419 1743 478 1805 sub
500 1742 607 1825 sigillo
622 1743 788 1804 communi
809 1743 911 1823 ipsius
934 1741 1076 1804 ecclesiae
1090 1742 1259 1820 concessit,
1281 1741 1365 1804 bona
1387 1744 1422 1803 et

272 1858 324 1900 res
347 1839 448 1920 ipsius
474 1837 618 1900 ecclesiae
643 1838 787 1899 alienans
817 1841 851 1899 et
877 1837 1041 1898 inutiliter
1065 1837 1250 1918 disponens,
1277 1837 1357 1899 adeo
1382 1842 1422 1898 ut

273 1933 376 1996 nichil
398 1933 553 1996 utilitatis
576 1944 635 1995 aut
649 1933 809 1995 commodi
830 1934 994 1994 canonicis
1016 1934 1051 1994 in
1067 1933 1181 1994 eadem
1196 1933 1330 1994 ecclesia
1345 1930 1421 1992 hinc

274 2031 315 2092 ad
337 2030 456 2111 viginti
478 2049 579 2091 annos
600 2029 743 2091 residere
758 2029 952 2106 volentibus,
967 2048 1124 2112 magnum
1148 2027 1371 2111 praejudicium
1386 2033 1422 2089 et

275 2127 464 2207 dampnum,
493 2126 718 2186 inconcessum
747 2124 961 2206 relinquatur.
1031 2125 1099 2186 Nos
1131 2126 1246 2208 igitur,
1275 2124 1423 2186 conside·

275 2226 384 2283 rantes
399 2226 479 2303 quot
500 2221 585 2282 111111
600 2226 635 2282 et
649 2221 788 2283 absurda
807 2226 905 2303 atque
925 2221 1066 2303 dampna
1079 2221 1156 2283 inde
1171 2221 1296 2303 possint
1310 2240 1422 2302 prove-

101 2338 152 2384 rbe
165 2335 217 2382 sard
276 2317 346 2378 nire
368 2317 395 2378 si
419 2317 508 2379 idem
528 2314 743 2379 Christcferus
766 2316 852 2378 solus
875 2317 1021 2399 sigillum
1042 2336 1215 2378 commuue
1238 2336 1373 2394 servare,
1388 2319 1423 2377 et

101 2394 254 2453 ⁰¹¹f³⁸t⁰p¹¹⁰¹
276 2409 464 2493 hujusmodi
487 2411 701 2473 alienaciones
730 2415 765 2473 et
794 2413 1014 2474 concessiones
1045 2411 1132 2473 solus
1161 2410 1266 2474 facere
1296 2411 1422 2473 diutius

102 2454 227 2613 111111ἕῖ
276 2509 533 2589 permitteretur,
565 2508 670 2569 eidem
694 2505 902 2584 Christofero,
932 2507 1148 2589 omnibusque
1170 2508 1242 2570 aliis
1277 2507 1422 2590 ejusdem

102 2571 216 2675 1111181]ιῖ
276 2603 417 2665 ecclesiae
442 2602 602 2663 canonicis
623 2601 838 2685 injungimus,
860 2622 902 2664 ne
924 2603 993 2684 ipse
1007 2608 1066 2664 aut
1087 2604 1259 2685 quisquam
1278 2608 1422 2666 vestrum

102 2687 222 2734 11011111
277 2698 374 2775 solus,
400 2699 548 2779 quamvis
574 2697 653 2759 alias
677 2698 846 2780 contingat
874 2701 909 2759 te
935 2697 987 2760 vel
1010 2719 1122 2760 eorum
1151 2700 1295 2781 aliquem
1318 2699 1422 2761 solum

276 2793 539 2856 residenciarium
554 2798 589 2855 et
603 2793 830 2875 praesidentem
844 2794 980 2875 capituli
996 2814 1077 2871 esse,
1093 2794 1237 2878 sigillum
1253 2813 1423 2857 commune

276 2889 372 2952 dictae
397 2888 539 2951 ecclesiae
562 2889 735 2968 custodiat,
760 2889 816 2951 sed
846 2890 908 2971 ipsi
933 2887 1130 2953 Christofero
1154 2896 1189 2953 et
1214 2891 1424 2953 Marmaduco

103 3001 157 3050 Itis
167 3002 231 3047 tobe
276 2983 415 3066 Waldby
428 2983 632 3067 injungimus
655 2985 809 3065 quatinus
831 2985 894 3067 ipsi
916 2989 983 3047 tres
998 2986 1139 3048 diversas
1156 3007 1241 3049 seras
1256 3007 1331 3049 cum
1345 2986 1425 3049 toti·
1442 3018 1445 3022 ·

102 3061 247 3165 ppppeunuer
276 3081 353 3146 dem
367 3080 508 3145 clavibus
520 3079 604 3142 infra
613 3101 655 3142 xv
663 3080 732 3142 dies
744 3081 856 3143 datam
864 3082 1075 3162 praesentium
1084 3082 1228 3164 proxime
1239 3086 1423 3164 sequentes,

102 3177 212 3285 {liugane
278 3176 461 3259 sumptibus
483 3177 708 3254 communibus
734 3177 837 3259 ipsius
860 3177 1002 3240 ecclesiae
1024 3177 1096 3239 fieri
1113 3179 1341 3260 procurabunt,
1363 3177 1424 3241 sub

114 3250 141 3283 ⁰⁰
276 3292 413 3354 quarum
429 3292 571 3336 serarum
586 3277 620 3335 et
642 3272 783 3334 clavium
803 3273 950 3334 custodia
964 3272 1169 3356 injungimus
1184 3278 1218 3336 et
1233 3275 1424 3336 mandamus

276 3366 410 3453 praefato
424 3366 617 3430 Christofero
634 3372 668 3430 et
690 3368 897 3430 Marmaduco
913 3369 1059 3452 sigillum
1075 3389 1247 3432 commune
1261 3371 1374 3451 reponi
1390 3375 1425 3432 et

276 3463 442 3524 custodiri.
495 3462 549 3539 Et,
575 3482 616 3523 ne
640 3463 748 3543 aliqua
769 3463 838 3525 litis
861 3465 997 3526 materia
1029 3465 1116 3527 inter
1141 3467 1309 3528 canonicos
1341 3467 1425 3527 circa

277 3555 464 3640 hujusmodi
480 3556 620 3618 clavium
642 3558 823 3619 custodiam
843 3559 977 3635 oriatur,
1001 3560 1151 3623 volumus
1172 3566 1206 3623 et
1221 3561 1424 3637 mandamus,

277 3673 314 3715 ac
335 3657 448 3714 tenore
469 3653 679 3733 praesentium
701 3651 915 3735 injungimus,
931 3655 1018 3735 quod
1039 3660 1107 3717 tres
1121 3658 1267 3719 canonici
1282 3677 1322 3719 ex
1343 3656 1425 3719 resi-

279 3747 365 3811 den.¹
388 3747 615 3809 et'senioribus
637 3745 778 3810 habeant
800 3748 962 3810 dictarum
985 3749 1126 3813 clavium
1149 3752 1342 3815 custodiam.
1388 3750 1424 3814 81

279 3864 353 3906 vero
369 3847 446 3905 sunt
460 3843 524 3905 duo
538 3846 669 3904 tantum
683 3842 822 3904 residen.
843 3847 922 3905 tunc
936 3845 1038 3906 tercia
1052 3846 1150 3908 clavis
1165 3867 1222 3929 per
1236 3846 1426 3929 praebenda·

278 3941 364 4002 rium
379 3940 420 4002 de
436 3939 626 4023 Staugwigg
640 3942 795 4001 servetur.
833 3938 869 4001 81
884 3960 959 4002 vero
974 3941 1091 4003 unicus
1106 3947 1237 4005 tantum
1252 3944 1425 4005 canonicus

277 4037 313 4097 in
334 4036 421 4098 diota
435 4035 570 4097 ecclesia
590 4035 741 4112 resideat,
760 4039 840 4096 tunc
862 4036 1043 4097 custodiam
1066 4038 1175 4099 teroiae
1192 4037 1290 4100 clavis
1314 4042 1426 4100 nostro

280 4131 412 4193 arbitrio
426 4151 635 4193 reservamus.
681 4129 717 4192 81
731 4150 807 4193 vero
828 4130 939 4193 nullus
954 4131 990 4192 in
1010 4131 1099 4192 dicta
1119 4132 1253 4194 ecclesia
1273 4133 1440 4210 resideat,-

279 4230 360 4288 tnnc
373 4246 440 4288 una
453 4246 511 4308 per
525 4225 782 4308 praebendarium
797 4226 839 4290 de
862 4225 1053 4310 Stangwigg
1075 4232 1221 4290 servetur
1236 4233 1270 4290 et
1287 4228 1426 4291 aliarum

280 4321 418 4385 duarum
432 4323 569 4386 clavium
584 4322 765 4384 custodiam
779 4327 897 4384 nostrae
913 4322 1118 4404 disposicioni
1133 4343 1344 4388 reservamus.

581 4439 622 4509 (1)
641 4438 832 4493 Residentibus
842 4457 873 4496 or
884 4439 1094 4495 residentiariis?
