3074 5032
113 293 187 371 174
284 276 289 285 ’
496 322 499 327 ·
649 309 856 362 uincamus
881 308 927 362 or
952 309 1072 364 arnon.
1240 357 1247 364 „

286 479 348 543 bus
370 478 522 561 primitus
545 478 686 554 vocatis3
709 482 744 540 et
763 477 920 561 quicquid
933 479 970 540 in
984 479 1182 542 contrarium
1195 479 1246 557 fit,
1260 479 1295 541 id
1310 496 1441 561 prorsus

289 575 419 637 nullum
434 579 468 636 et
483 572 664 635 invalidum
678 577 791 636 tenore
807 576 1018 656 praesentium
1032 575 1248 652 decernimus,
1264 580 1299 638 et
1313 580 1444 637 contra-

289 669 445 732 facientes
460 689 518 751 pro
533 670 811 752 contemptoribus
827 675 861 732 et
876 668 1064 752 hujusmodi
1086 669 1301 753 injunctionis
1323 682 1444 733 nostras

290 765 499 829 violatoribus
521 765 702 846 puniendos
726 769 760 827 et
782 766 985 848 castigandos
1007 765 1075 828 fore
1090 766 1239 828 volumus
1250 787 1261 842 3
1287 766 1371 829 illud
1392 766 1445 827 in·

291 881 387 943 super
416 861 618 943 adjicientes,
643 862 729 942 qnod
755 881 813 942 per
837 859 922 923 hanc
945 866 1090 923 nostram
1114 861 1354 944 injunctionem
1376 880 1444 923 non

291 957 492 1018 intendimus
507 956 638 1038 aliquod
656 956 712 1038 jus
734 977 857 1018 novum
879 958 966 1019 dicto
988 959 1141 1019 canonico
1164 962 1199 1019 et
1223 957 1444 1040 praebendario
1523 964 1525 968 '

292 1054 332 1116 de
349 1052 493 1135 Stanwig
507 1053 692 1130 concedere,
703 1059 763 1115 ant
777 1054 919 1116 eundem
930 1055 965 1114 in
977 1055 1168 1116 canonicum
1178 1054 1444 1117 residentiarium

293 1149 440 1231 ejusdem
455 1149 599 1210 ecclesiae
615 1149 799 1225 admittere,
815 1155 873 1210 ant
888 1149 1150 1230 quotidianarum
1171 1148 1443 1211 distribucionum

293 1265 351 1307 seu
366 1244 557 1306 dividenciae
573 1245 735 1307 canonicis
749 1245 987 1306 residenciariis
1003 1243 1151 1327 ejusdem
1172 1244 1316 1307 ecclesiae
1331 1243 1443 1306 debite

293 1341 484 1423 participem
506 1339 622 1417 facere,
638 1341 704 1402 nisi
729 1346 892 1422 quatenus
912 1341 1115 1404 consuetudo
1137 1344 1172 1403 et
1196 1344 1320 1404 statuta
1341 1341 1444 1423 ipsius

293 1436 436 1498 ecclesiae
449 1440 526 1497 ante
540 1433 610 1496 haec
626 1436 715 1498 edita
728 1437 939 1517 permittunt.

119 1556 165 1604 w,
175 1555 231 1616 give
360 1532 446 1606 Quas
468 1531 688 1612 injunctiones
711 1553 823 1594 omnes
839 1537 874 1594 et
889 1533 1034 1616 singulas
1049 1532 1113 1594 tibi
1128 1529 1325 1595 Christofero
1340 1533 1445 1617 Drag-

119 1618 185 1662 these
195 1617 232 1660 ³¹¹·
292 1630 392 1711 leyac
407 1627 557 1690 omnibus
571 1627 643 1689 aliis
659 1633 694 1689 et
710 1628 847 1711 singulis
858 1628 953 1690 dictae
969 1628 1110 1691 ecclesiae
1125 1629 1287 1690 canonicis
1296 1629 1445 1710 praecipi·

116 1675 240 1735 junctions

119 1739 145 1780 to
154 1735 183 1781 be
192 1734 251 1803 tent
293 1744 367 1787 mus
379 1728 413 1786 et
427 1725 617 1786 mandamus
632 1744 690 1805 per
704 1729 739 1786 te
755 1729 790 1786 et
804 1725 877 1786 illos
889 1729 1049 1806 quatenus
1061 1745 1116 1787 vos
1127 1728 1269 1807 tangunt
1283 1724 1446 1786 observari

119 1791 270 1909 ἷξθρξιῐῖᾇξ,
294 1820 354 1884 sub
368 1840 464 1902 poena
477 1818 608 1902 majoris
623 1820 979 1897 excommunicacionis,
994 1840 1091 1903 quam
1106 1821 1139 1880 in
1156 1825 1396 1902 contemptores
1410 1824 1447 1882 et

118 1922 257 2014 ffiffiu
293 1916 464 1980 violatores
481 1916 658 1977 earundem
672 1914 846 1977 fulminare
863 1919 897 1977 et
912 1914 1053 1997 proferre
1069 1915 1281 1978 intendimus.

119 2049 176 2112 (33)
361 2013 402 2074 In
421 2032 559 2092 quorum
580 2011 728 2072 omnium
752 2014 786 2072 et
809 2011 1010 2094 singulorum
1034 2007 1134 2073 fidem
1157 2016 1190 2073 et
1214 2011 1446 2074 testimoninm

34 2164 37 2169 .
72 2214 75 2221 ¹
119 2108 251 2227 effi&
293 2108 532 2214 praemissomm
549 2106 693 2214 sigillum
708 2110 858 2167 nostrum
873 2106 1088 2215 presentibus
1099 2111 1151 2169 est
1165 2126 1356 2188 appensum.
1400 2204 1407 2219 ι
1436 2205 1444 2219 ι

119 2255 221 2311 aanor»
361 2202 436 2263 Dat.
452 2222 487 2262 rn
501 2221 646 2263 manerio
660 2207 771 2263 nostro
786 2202 827 2264 de
842 2200 969 2283 Thorpe
980 2207 1076 2284 juxta
1091 2201 1187 2264 Ebor.
1203 2202 1297 2264 Anno
1312 2203 1447 2266 Domrm

119 2317 211 2372 thome,
293 2297 473 2359 Millesimo
503 2297 768 2380 quingentesimo
798 2297 963 2360 tricesimo
993 2302 1119 2378 quarte,
1150 2302 1185 2359 et
1221 2303 1339 2361 nostrae
1368 2320 1447 2363 con·

120 2373 251 2479 fflf‘lj‘ffi,
296 2393 484 2455 secrecionis
499 2412 585 2454 anno
599 2392 711 2469 tercio,
727 2393 848 2454 mensis
861 2413 939 2454 ,vero
954 2393 1096 2476 Augusti
1111 2393 1164 2455 die
1180 2397 1303 2455 octavo.

124 2593 180 2654 (ss)
360 2578 545 2655 Edwardns,
575 2578 787 2660 permissione
813 2577 923 2640 divina
944 2578 1154 2641 Eboracensis
1175 2578 1447 2664 archiepiscopus,

121 2652 252 2770 233¹&AE
294 2676 421 2760 Angliae
435 2677 555 2757 primas
571 2679 606 2736 et
628 2675 907 2757 metropolitanus,
922 2675 1082 2737 universis
1098 2679 1132 2736 et
1154 2676 1292 2758 singulis
1313 2680 1447 2740 rectori-

125 2797 273 2844 amoueo·
294 2773 366 2847 bus,
382 2772 518 2847 vicariis,
534 2770 706 2851 capellanis
726 2771 847 2832 curatis
871 2775 904 2831 et
927 2790 993 2831 non
1015 2771 1146 2847 curatis,
1169 2771 1305 2849 clericis,
1321 2777 1356 2836 et
1370 2773 1446 2837 lite-

116 2864 161 2976 jm
173 2856 273 2901 Olim
294 2868 373 2930 ratis
384 2867 629 2950 quibuscunque
644 2886 702 2947 per
713 2865 879 2928 dioecesim
892 2872 1038 2927 nostram
1053 2865 1290 2930 Eboracensem
1304 2869 1446 2933 ubilibet

122 2931 233 3045 Ima,
295 2963 494 3039 constitutis,
518 2962 666 3038 salutem,
689 2963 841 3048 graciam,
860 2965 896 3023 et
917 2961 1191 3025 benediccionem.
1237 2963 1320 3037 Quia
1341 2986 1446 3048 nuper

122 3046 259 3147 jjf'm‘ifuss
296 3062 332 3122 in
347 3060 535 3121 visitacione
551 3058 693 3120 ecclesiae
708 3062 825 3120 nostrae
840 3056 1021 3141 collegiatae
1036 3057 1131 3120 Beati
1145 3058 1289 3122 Wilfridi
1298 3060 1446 3144 Riponiae

121 3107 262 3254 fficffl
295 3158 332 3219 in
354 3157 449 3218 domo
464 3155 634 3236 capitulari
649 3154 773 3216 ibidem
788 3155 980 3216 auctoritate
995 3158 1105 3215 nostra
1119 3154 1281 3218 ordinaria
1296 3159 1447 3235 exercita,

123 3225 201 3312 trima
296 3251 548 3314 inveniebantur
577 3253 612 3311 et
642 3250 771 3316 detecta
795 3254 887 3311 erant
909 3249 1003 3330 plura
1026 3255 1061 3311 et
1087 3252 1231 3313 enormia
1254 3253 1391 3316 mimine
1412 3257 1448 3316 et

124 3349 154 3395 1n
164 3363 209 3394 our
297 3366 445 3410 excessus
473 3344 703 3407 reformacione
729 3345 840 3426 digna,
855 3365 913 3426 per
937 3345 1108 3407 canonicos
1134 3345 1281 3427 ejusdem
1303 3348 1447 3411 ecclesiae

123 3413 258 3520 illigatos,
299 3442 480 3515 commissa,
496 3443 532 3501 et
546 3440 726 3520 praesertim
748 3459 806 3521 per
820 3441 1016 3522 magistrum
1039 3439 1273 3504 Christoferum
1295 3443 1447 3527 Dmgley,

123 3523 269 3630 mmm
298 3535 489 3599 canonicum
498 3533 762 3595 residenciarium
772 3538 807 3595 et
815 3533 1054 3597 thesaurarium
1063 3536 1159 3599 dictae
1168 3538 1321 3617 ecclesiae,
1330 3540 1366 3601 in
1376 3542 1449 3602 ani·

124 3630 188 3688 turn·
218 3639 275 3686 0211-
298 3651 426 3693 marum
451 3649 581 3690 suarum
610 3648 707 3711 grave
733 3630 915 3710 pericnlum
941 3651 977 3692 ac
1008 3632 1193 3695 scandalum
1221 3634 1447 3716 plurimorum,

123 3712 261 3813 ξὲξῃξζιζζ,
298 3732 367 3790 tam
396 3728 507 3787 contra
529 3743 692 3785 sacrorum
715 3743 877 3787 canonum
900 3726 1159 3808 disposicionem,
1183 3749 1282 3811 quam
1310 3731 1449 3813 antiqua

124 3818 265 3924 {35¹le
298 3823 446 3907 ejusdem
461 3820 603 3883 ecclesiae
619 3823 743 3882 statuta
764 3825 799 3883 et
821 3822 1101 3885 consuetudinem.
1146 3824 1190 3886 Et
1205 3825 1282 3907 quia
1294 3826 1449 3908 predicta

125 3909 216 4007 ungri
298 3920 383 3984 mala
404 3918 524 4000 absque
547 3917 744 3980 correctione
776 3921 811 3979 et
839 3917 1070 3981 reformacione
1097 3920 1208 3983 debita
1230 3926 1265 3984 et
1287 3922 1448 4008 condigna

123 4006 149 4041 ⁶⁸
234 4009 260 4055 Υ·
297 4018 380 4080 citra
393 4018 512 4078 nostrae
526 4012 730 4075 conscientiae
747 4013 936 4095 scrupulum
950 4017 985 4074 et
999 4015 1181 4077 animarum
1197 4036 1328 4080 suarum
1350 4037 1447 4102 grave

297 4111 480 4196 periculum
495 4109 635 4172 ulterius
650 4108 828 4172 differenda
838 4129 904 4172 non
916 4113 1004 4185 sunt,
1016 4109 1073 4172 sed
1088 4113 1264 4174 cumomni
1278 4113 1449 4177 celeritate
1472 4168 1477 4179 ,

298 4213 376 4270 sunt
404 4206 585 4268 necessario
618 4204 821 4266 reformanda
851 4208 887 4267 et
916 4204 1128 4283 emendenda,
1157 4206 1277 4269 idcirco
1306 4209 1448 4272 eundem

299 4301 532 4365 Christoferum
563 4300 704 4382 Dragley
727 4299 993 4362 reformacionem
1019 4305 1053 4363 et
1083 4304 1315 4367 correctionem
1338 4325 1375 4367 ac
1396 4306 1450 4368 in-

295 4396 482 4479 junctiones
498 4401 624 4457 nostras
639 4396 674 4455 in
689 4393 749 4456 bac
761 4400 855 4477 parte
865 4394 1009 4458 salubres
1019 4400 1054 4458 ct
1069 4402 1244 4479 oportunas
1261 4400 1448 4464 subiturum
