<?xml version="1.0" encoding="UTF-8"?>
<!DOCTYPE html PUBLIC "-//W3C//DTD XHTML 1.0 Transitional//EN"
    "http://www.w3.org/TR/xhtml1/DTD/xhtml1-transitional.dtd">
<html xmlns="http://www.w3.org/1999/xhtml" xml:lang="en" lang="en">
 <head>
  <title>
</title>
<meta http-equiv="Content-Type" content="text/html;charset=utf-8" />
  <meta name='ocr-system' content='tesseract 3.04.00' />
  <meta name='ocr-capabilities' content='ocr_page ocr_carea ocr_par ocr_line ocrx_word'/>
</head>
<body>
  <div class='ocr_page' id='page_1' title='image "./memorialschurch02fowlgoog_0076.png"; bbox 0 0 3074 5032; ppageno 0'>
   <div class='ocr_carea' id='block_1_1' title="bbox 219 344 1425 431">
    <p class='ocr_par' dir='ltr' id='par_1_1' title="bbox 219 344 1425 431">
     <span class='ocr_line' id='line_1_1' title="bbox 219 344 1425 431; baseline -0.005 -11"><span class='ocrx_word' id='word_1_1' title='bbox 219 370 392 420; x_wconf 72' lang='lat' dir='ltr'>nxrnlcrs</span> <span class='ocrx_word' id='word_1_2' title='bbox 418 369 515 426; x_wconf 81' lang='lat' dir='ltr'><strong>FROM</strong></span> <span class='ocrx_word' id='word_1_3' title='bbox 542 369 637 418; x_wconf 70' lang='lat' dir='ltr'>rosh</span> <span class='ocrx_word' id='word_1_4' title='bbox 663 368 873 431; x_wconf 52' lang='lat' dir='ltr'>exarsurum</span> <span class='ocrx_word' id='word_1_5' title='bbox 901 368 1137 418; x_wconf 77' lang='lat' dir='ltr'>GREENFIELD.</span> <span class='ocrx_word' id='word_1_6' title='bbox 1378 344 1425 415; x_wconf 77' lang='grc'>59</span> 
     </span>
    </p>
   </div>
   <div class='ocr_carea' id='block_1_2' title="bbox 179 504 1353 627">
    <p class='ocr_par' dir='ltr' id='par_1_2' title="bbox 179 504 1353 627">
     <span class='ocr_line' id='line_1_2' title="bbox 179 504 1353 627; baseline 0.013 -29"><span class='ocrx_word' id='word_1_7' title='bbox 179 534 340 599; x_wconf 66' lang='grc'><strong>1710110010</strong></span> <span class='ocrx_word' id='word_1_8' title='bbox 356 533 503 620; x_wconf 76' lang='lat' dir='ltr'>capituli</span> <span class='ocrx_word' id='word_1_9' title='bbox 519 532 647 619; x_wconf 78' lang='lat' dir='ltr'>Riporr.</span> <span class='ocrx_word' id='word_1_10' title='bbox 989 504 993 512; x_wconf 30' lang='grc'><strong>1</strong></span> <span class='ocrx_word' id='word_1_11' title='bbox 1279 568 1306 626; x_wconf 79' lang='lat' dir='ltr'>(a</span> <span class='ocrx_word' id='word_1_12' title='bbox 1317 567 1353 627; x_wconf 74' lang='grc' dir='ltr'>υ.)</span> 
     </span>
    </p>
   </div>
   <div class='ocr_carea' id='block_1_3' title="bbox 108 664 1252 841">
    <p class='ocr_par' dir='ltr' id='par_1_3' title="bbox 108 664 1252 841">
     <span class='ocr_line' id='line_1_3' title="bbox 173 664 1252 750; baseline -0.005 -23"><span class='ocrx_word' id='word_1_13' title='bbox 173 667 305 750; x_wconf 71' lang='grc' dir='ltr'><strong>1Νο1106</strong></span> <span class='ocrx_word' id='word_1_14' title='bbox 343 667 378 727; x_wconf 85' lang='grc'>111</span> <span class='ocrx_word' id='word_1_15' title='bbox 409 664 466 727; x_wconf 90' lang='lat' dir='ltr'>the</span> <span class='ocrx_word' id='word_1_16' title='bbox 505 665 599 726; x_wconf 88' lang='lat' dir='ltr'>usual</span> <span class='ocrx_word' id='word_1_17' title='bbox 628 664 722 726; x_wconf 86' lang='lat' dir='ltr'>form.</span> <span class='ocrx_word' id='word_1_18' title='bbox 782 664 1020 746; x_wconf 84' lang='lat' dir='ltr'>Bridelington.</span> <span class='ocrx_word' id='word_1_19' title='bbox 1081 664 1167 726; x_wconf 84' lang='lat' dir='ltr'><strong>June</strong></span> <span class='ocrx_word' id='word_1_20' title='bbox 1199 664 1252 740; x_wconf 79' lang='lat'>29,</span> 
     </span>
     <span class='ocr_line' id='line_1_4' title="bbox 108 762 222 841; baseline 0.018 -19"><span class='ocrx_word' id='word_1_21' title='bbox 108 762 222 841; x_wconf 71' lang='lat'>1308.)</span> 
     </span>
    </p>
   </div>
   <div class='ocr_carea' id='block_1_4' title="bbox 106 915 1441 4266">
    <p class='ocr_par' dir='ltr' id='par_1_4' title="bbox 106 915 1441 4266">
     <span class='ocr_line' id='line_1_5' title="bbox 172 915 1367 998; baseline 0 -21"><span class='ocrx_word' id='word_1_22' title='bbox 172 917 369 994; x_wconf 78' lang='lat' dir='ltr'>WillelmuS,</span> <span class='ocrx_word' id='word_1_23' title='bbox 380 922 441 978; x_wconf 89' lang='lat' dir='ltr'>etc.</span> <span class='ocrx_word' id='word_1_24' title='bbox 458 916 586 978; x_wconf 89' lang='lat' dir='ltr'>dilectis</span> <span class='ocrx_word' id='word_1_25' title='bbox 598 916 674 977; x_wconf 90' lang='lat' dir='ltr'>filiis</span> <span class='ocrx_word' id='word_1_26' title='bbox 690 916 832 996; x_wconf 90' lang='lat' dir='ltr'>capitulo</span> <span class='ocrx_word' id='word_1_27' title='bbox 848 921 957 977; x_wconf 90' lang='lat' dir='ltr'>nostro</span> <span class='ocrx_word' id='word_1_28' title='bbox 968 916 1094 998; x_wconf 87' lang='lat' dir='ltr'>Rypon,</span> <span class='ocrx_word' id='word_1_29' title='bbox 1105 915 1254 992; x_wconf 85' lang='lat' dir='ltr'>salutem,</span> <span class='ocrx_word' id='word_1_30' title='bbox 1280 925 1322 982; x_wconf 90' lang='lat'>(10</span> <span class='ocrx_word' id='word_1_31' title='bbox 1333 924 1367 977; x_wconf 74' lang='grc'>0.)</span> 
     </span>
     <span class='ocr_line' id='line_1_6' title="bbox 107 983 1408 1102; baseline -0.002 -28"><span class='ocrx_word' id='word_1_32' title='bbox 107 1015 259 1097; x_wconf 83' lang='lat' dir='ltr'>graciam,</span> <span class='ocrx_word' id='word_1_33' title='bbox 282 1019 317 1074; x_wconf 94' lang='lat' dir='ltr'>et</span> <span class='ocrx_word' id='word_1_34' title='bbox 339 1015 613 1076; x_wconf 80' lang='lat' dir='ltr'>benediccionem.</span> <span class='ocrx_word' id='word_1_35' title='bbox 660 1012 764 1085; x_wconf 80' lang='lat' dir='ltr'>Quam</span> <span class='ocrx_word' id='word_1_36' title='bbox 786 1013 828 1072; x_wconf 91' lang='lat' dir='ltr'>sit</span> <span class='ocrx_word' id='word_1_37' title='bbox 849 1013 1000 1073; x_wconf 86' lang='lat' dir='ltr'>indecens</span> <span class='ocrx_word' id='word_1_38' title='bbox 1024 1016 1058 1073; x_wconf 89' lang='grc'>61</span> <span class='ocrx_word' id='word_1_39' title='bbox 1080 1012 1255 1074; x_wconf 90' lang='lat' dir='ltr'>absurdum</span> <span class='ocrx_word' id='word_1_40' title='bbox 1279 983 1408 1102; x_wconf 50' lang='grc'><strong>’,13811138</strong></span> 
     </span>
     <span class='ocr_line' id='line_1_7' title="bbox 107 1108 1365 1196; baseline 0 -26"><span class='ocrx_word' id='word_1_41' title='bbox 107 1111 142 1170; x_wconf 93' lang='lat' dir='ltr'>in</span> <span class='ocrx_word' id='word_1_42' title='bbox 173 1109 269 1170; x_wconf 91' lang='lat' dir='ltr'>domo</span> <span class='ocrx_word' id='word_1_43' title='bbox 292 1108 426 1170; x_wconf 87' lang='lat' dir='ltr'>Domini</span> <span class='ocrx_word' id='word_1_44' title='bbox 450 1110 692 1191; x_wconf 85' lang='lat' dir='ltr'>negociaciones</span> <span class='ocrx_word' id='word_1_45' title='bbox 724 1114 758 1169; x_wconf 91' lang='lat' dir='ltr'>et</span> <span class='ocrx_word' id='word_1_46' title='bbox 788 1109 998 1169; x_wconf 90' lang='lat' dir='ltr'>mercimonia</span> <span class='ocrx_word' id='word_1_47' title='bbox 1020 1129 1129 1168; x_wconf 88' lang='lat' dir='ltr'>rerum</span> <span class='ocrx_word' id='word_1_48' title='bbox 1160 1127 1256 1168; x_wconf 90' lang='lat' dir='ltr'>vena·</span> <span class='ocrx_word' id='word_1_49' title='bbox 1281 1127 1365 1196; x_wconf 69' lang='lat' dir='ltr'>Lucra</span> 
     </span>
     <span class='ocr_line' id='line_1_8' title="bbox 107 1186 1380 1303; baseline -0.002 -37"><span class='ocrx_word' id='word_1_50' title='bbox 107 1205 190 1266; x_wconf 93' lang='lat' dir='ltr'>lium</span> <span class='ocrx_word' id='word_1_51' title='bbox 213 1225 390 1283; x_wconf 84' lang='lat' dir='ltr'>excercere,</span> <span class='ocrx_word' id='word_1_52' title='bbox 405 1205 599 1286; x_wconf 84' lang='lat' dir='ltr'>Evangelica</span> <span class='ocrx_word' id='word_1_53' title='bbox 622 1209 762 1265; x_wconf 86' lang='lat' dir='ltr'>testatur</span> <span class='ocrx_word' id='word_1_54' title='bbox 786 1205 916 1281; x_wconf 79' lang='lat' dir='ltr'>veritae,</span> <span class='ocrx_word' id='word_1_55' title='bbox 940 1205 1125 1286; x_wconf 90' lang='lat' dir='ltr'>exemplum</span> <span class='ocrx_word' id='word_1_56' title='bbox 1148 1205 1252 1264; x_wconf 90' lang='lat' dir='ltr'>nostri</span> <span class='ocrx_word' id='word_1_57' title='bbox 1280 1186 1380 1303; x_wconf 53' lang='lat' dir='ltr'>ffgffi</span> 
     </span>
     <span class='ocr_line' id='line_1_9' title="bbox 107 1285 1412 1380; baseline -0.001 -18"><span class='ocrx_word' id='word_1_58' title='bbox 107 1300 221 1362; x_wconf 79' lang='lat' dir='ltr'>edocet</span> <span class='ocrx_word' id='word_1_59' title='bbox 260 1300 443 1378; x_wconf 85' lang='lat' dir='ltr'>Salvatoris‚</span> <span class='ocrx_word' id='word_1_60' title='bbox 474 1308 509 1361; x_wconf 91' lang='lat' dir='ltr'>et</span> <span class='ocrx_word' id='word_1_61' title='bbox 538 1302 690 1362; x_wconf 89' lang='lat' dir='ltr'>canonica</span> <span class='ocrx_word' id='word_1_62' title='bbox 719 1298 895 1380; x_wconf 76' lang='lat' dir='ltr'>prohibent</span> <span class='ocrx_word' id='word_1_63' title='bbox 925 1302 1088 1362; x_wconf 88' lang='lat' dir='ltr'>instituta.</span> <span class='ocrx_word' id='word_1_64' title='bbox 1143 1285 1259 1379; x_wconf 67' lang='lat' dir='ltr'>Nuper&#39;</span> <span class='ocrx_word' id='word_1_65' title='bbox 1280 1301 1412 1361; x_wconf 66' lang='lat' dir='ltr'>sypon’ne</span> 
     </span>
     <span class='ocr_line' id='line_1_10' title="bbox 107 1367 1417 1478; baseline -0.002 -21"><span class='ocrx_word' id='word_1_66' title='bbox 107 1397 269 1478; x_wconf 90' lang='lat' dir='ltr'>siquidem</span> <span class='ocrx_word' id='word_1_67' title='bbox 292 1402 435 1458; x_wconf 86' lang='lat' dir='ltr'>nostram</span> <span class='ocrx_word' id='word_1_68' title='bbox 466 1396 589 1478; x_wconf 80' lang='lat' dir='ltr'>Rypon’</span> <span class='ocrx_word' id='word_1_69' title='bbox 621 1396 788 1457; x_wconf 84' lang='lat' dir='ltr'>ecclesiam</span> <span class='ocrx_word' id='word_1_70' title='bbox 819 1397 1001 1473; x_wconf 85' lang='lat' dir='ltr'>visitantes,</span> <span class='ocrx_word' id='word_1_71' title='bbox 1025 1397 1111 1457; x_wconf 91' lang='lat' dir='ltr'>inter</span> <span class='ocrx_word' id='word_1_72' title='bbox 1141 1402 1256 1456; x_wconf 85' lang='lat' dir='ltr'>caetera</span> <span class='ocrx_word' id='word_1_73' title='bbox 1279 1367 1417 1466; x_wconf 51' lang='lat' dir='ltr'>mlii„</span> 
     </span>
     <span class='ocr_line' id='line_1_11' title="bbox 107 1482 1441 1585; baseline -0.003 -31"><span class='ocrx_word' id='word_1_74' title='bbox 107 1493 324 1573; x_wconf 87' lang='lat' dir='ltr'>comperimus</span> <span class='ocrx_word' id='word_1_75' title='bbox 355 1493 440 1574; x_wconf 91' lang='lat' dir='ltr'>quod</span> <span class='ocrx_word' id='word_1_76' title='bbox 470 1493 505 1553; x_wconf 93' lang='lat' dir='ltr'>in</span> <span class='ocrx_word' id='word_1_77' title='bbox 529 1494 598 1573; x_wconf 87' lang='lat' dir='ltr'>ipsa</span> <span class='ocrx_word' id='word_1_78' title='bbox 625 1492 759 1553; x_wconf 89' lang='lat' dir='ltr'>ecclesia</span> <span class='ocrx_word' id='word_1_79' title='bbox 782 1491 932 1553; x_wconf 89' lang='lat' dir='ltr'>nonnulli</span> <span class='ocrx_word' id='word_1_80' title='bbox 957 1512 1021 1553; x_wconf 86' lang='lat' dir='ltr'>suae</span> <span class='ocrx_word' id='word_1_81' title='bbox 1053 1491 1166 1552; x_wconf 89' lang='lat' dir='ltr'>salutis</span> <span class='ocrx_word' id='word_1_82' title='bbox 1194 1491 1256 1551; x_wconf 91' lang='lat' dir='ltr'>im·</span> <span class='ocrx_word' id='word_1_83' title='bbox 1280 1482 1378 1585; x_wconf 38' lang='lat' dir='ltr'>Qu·</span> <span class='ocrx_word' id='word_1_84' title='bbox 1438 1527 1441 1529; x_wconf 58' lang='lat'>&gt;</span> 
     </span>
     <span class='ocr_line' id='line_1_12' title="bbox 106 1584 1256 1665; baseline -0.003 -16"><span class='ocrx_word' id='word_1_85' title='bbox 106 1608 277 1665; x_wconf 91' lang='lat' dir='ltr'>memores,</span> <span class='ocrx_word' id='word_1_86' title='bbox 293 1593 405 1649; x_wconf 90' lang='lat' dir='ltr'>contra</span> <span class='ocrx_word' id='word_1_87' title='bbox 420 1593 542 1648; x_wconf 89' lang='lat' dir='ltr'>vestras</span> <span class='ocrx_word' id='word_1_88' title='bbox 558 1594 592 1648; x_wconf 88' lang='lat' dir='ltr'>et</span> <span class='ocrx_word' id='word_1_89' title='bbox 608 1589 832 1648; x_wconf 85' lang='lat' dir='ltr'>ministrorum</span> <span class='ocrx_word' id='word_1_90' title='bbox 849 1597 1026 1648; x_wconf 89' lang='lat' dir='ltr'>vestrorum</span> <span class='ocrx_word' id='word_1_91' title='bbox 1042 1584 1256 1648; x_wconf 92' lang='lat' dir='ltr'>inhibiciones</span> 
     </span>
     <span class='ocr_line' id='line_1_13' title="bbox 108 1682 1256 1765; baseline -0.003 -20"><span class='ocrx_word' id='word_1_92' title='bbox 108 1704 283 1765; x_wconf 80' lang='lat' dir='ltr'>expressae,</span> <span class='ocrx_word' id='word_1_93' title='bbox 300 1686 420 1765; x_wconf 87' lang='lat' dir='ltr'>passim</span> <span class='ocrx_word' id='word_1_94' title='bbox 444 1690 476 1744; x_wconf 91' lang='lat' dir='ltr'>et</span> <span class='ocrx_word' id='word_1_95' title='bbox 499 1684 650 1764; x_wconf 90' lang='lat' dir='ltr'>pupplice</span> <span class='ocrx_word' id='word_1_96' title='bbox 670 1684 705 1744; x_wconf 90' lang='lat' dir='ltr'>in</span> <span class='ocrx_word' id='word_1_97' title='bbox 729 1684 880 1745; x_wconf 81' lang='lat' dir='ltr'>Divinam</span> <span class='ocrx_word' id='word_1_98' title='bbox 896 1682 1051 1744; x_wconf 87' lang='lat' dir='ltr'>offensam</span> <span class='ocrx_word' id='word_1_99' title='bbox 1067 1689 1100 1743; x_wconf 91' lang='grc'>61</span> <span class='ocrx_word' id='word_1_100' title='bbox 1116 1682 1256 1743; x_wconf 73' lang='lat' dir='ltr'>ecclesiae</span> 
     </span>
     <span class='ocr_line' id='line_1_14' title="bbox 107 1778 1256 1860; baseline -0.003 -20"><span class='ocrx_word' id='word_1_101' title='bbox 107 1778 359 1857; x_wconf 76' lang='lat' dir='ltr'>inhonestatem,</span> <span class='ocrx_word' id='word_1_102' title='bbox 377 1786 411 1840; x_wconf 92' lang='lat' dir='ltr'>et</span> <span class='ocrx_word' id='word_1_103' title='bbox 433 1780 616 1840; x_wconf 89' lang='lat' dir='ltr'>animarum</span> <span class='ocrx_word' id='word_1_104' title='bbox 640 1800 770 1840; x_wconf 89' lang='lat' dir='ltr'>suarum</span> <span class='ocrx_word' id='word_1_105' title='bbox 794 1780 1012 1860; x_wconf 87' lang='lat' dir='ltr'>dispendium,</span> <span class='ocrx_word' id='word_1_106' title='bbox 1029 1799 1137 1839; x_wconf 89' lang='lat' dir='ltr'>rerum</span> <span class='ocrx_word' id='word_1_107' title='bbox 1160 1797 1256 1838; x_wconf 85' lang='lat' dir='ltr'>vena-</span> 
     </span>
     <span class='ocr_line' id='line_1_15' title="bbox 108 1873 1256 1957; baseline -0.002 -21"><span class='ocrx_word' id='word_1_108' title='bbox 108 1876 190 1936; x_wconf 90' lang='lat' dir='ltr'>lium</span> <span class='ocrx_word' id='word_1_109' title='bbox 206 1896 370 1937; x_wconf 86' lang='lat' dir='ltr'>excercere</span> <span class='ocrx_word' id='word_1_110' title='bbox 386 1876 576 1936; x_wconf 88' lang='lat' dir='ltr'>commercia</span> <span class='ocrx_word' id='word_1_111' title='bbox 592 1896 657 1937; x_wconf 92' lang='lat' dir='ltr'>non</span> <span class='ocrx_word' id='word_1_112' title='bbox 675 1881 839 1937; x_wconf 86' lang='lat' dir='ltr'>verentur.</span> <span class='ocrx_word' id='word_1_113' title='bbox 885 1874 1038 1937; x_wconf 88' lang='lat' dir='ltr'>Volentes</span> <span class='ocrx_word' id='word_1_114' title='bbox 1054 1876 1156 1957; x_wconf 87' lang='lat' dir='ltr'>igitur</span> <span class='ocrx_word' id='word_1_115' title='bbox 1171 1873 1256 1953; x_wconf 93' lang='lat' dir='ltr'>quod</span> 
     </span>
     <span class='ocr_line' id='line_1_16' title="bbox 108 1968 1388 2053; baseline 0.001 -21"><span class='ocrx_word' id='word_1_116' title='bbox 108 1972 244 2033; x_wconf 88' lang='lat' dir='ltr'>ecclesia</span> <span class='ocrx_word' id='word_1_117' title='bbox 269 1981 379 2033; x_wconf 87' lang='lat' dir='ltr'>nostra</span> <span class='ocrx_word' id='word_1_118' title='bbox 401 1972 555 2053; x_wconf 86' lang='lat' dir='ltr'>praedicta</span> <span class='ocrx_word' id='word_1_119' title='bbox 577 1992 642 2032; x_wconf 92' lang='lat' dir='ltr'>non</span> <span class='ocrx_word' id='word_1_120' title='bbox 668 1972 821 2052; x_wconf 90' lang='lat' dir='ltr'>spelunca</span> <span class='ocrx_word' id='word_1_121' title='bbox 845 1971 1017 2047; x_wconf 91' lang='lat' dir='ltr'>latronum,</span> <span class='ocrx_word' id='word_1_122' title='bbox 1034 1991 1098 2031; x_wconf 92' lang='lat' dir='ltr'>non</span> <span class='ocrx_word' id='word_1_123' title='bbox 1122 1968 1257 2052; x_wconf 87' lang='lat' dir='ltr'>pergula</span> <span class='ocrx_word' id='word_1_124' title='bbox 1282 1987 1326 2032; x_wconf 82' lang='lat' dir='ltr'>We</span> <span class='ocrx_word' id='word_1_125' title='bbox 1336 1986 1388 2032; x_wconf 78' lang='lat' dir='ltr'>will</span> 
     </span>
     <span class='ocr_line' id='line_1_17' title="bbox 108 2048 1418 2152; baseline -0.003 -23"><span class='ocrx_word' id='word_1_126' title='bbox 108 2069 176 2130; x_wconf 83' lang='lat' dir='ltr'>sive</span> <span class='ocrx_word' id='word_1_127' title='bbox 204 2069 303 2129; x_wconf 87' lang='lat' dir='ltr'>stacio</span> <span class='ocrx_word' id='word_1_128' title='bbox 326 2073 553 2146; x_wconf 88' lang='lat' dir='ltr'>mercatorum,</span> <span class='ocrx_word' id='word_1_129' title='bbox 569 2069 625 2130; x_wconf 92' lang='lat' dir='ltr'>ubi</span> <span class='ocrx_word' id='word_1_130' title='bbox 650 2069 766 2148; x_wconf 88' lang='lat' dir='ltr'>saepius</span> <span class='ocrx_word' id='word_1_131' title='bbox 793 2068 1012 2149; x_wconf 88' lang='lat' dir='ltr'>decepciones,</span> <span class='ocrx_word' id='word_1_132' title='bbox 1028 2067 1206 2142; x_wconf 88' lang='lat' dir='ltr'>mendacia,</span> <span class='ocrx_word' id='word_1_133' title='bbox 1222 2068 1256 2126; x_wconf 92' lang='lat' dir='ltr'>et</span> <span class='ocrx_word' id='word_1_134' title='bbox 1281 2048 1418 2152; x_wconf 50' lang='lat' dir='ltr'>{hffffr‘c&#39;fl&#39;be</span> 
     </span>
     <span class='ocr_line' id='line_1_18' title="bbox 108 2163 1404 2246; baseline -0.003 -20"><span class='ocrx_word' id='word_1_135' title='bbox 108 2163 252 2246; x_wconf 88' lang='lat' dir='ltr'>perjuria</span> <span class='ocrx_word' id='word_1_136' title='bbox 281 2165 542 2240; x_wconf 90' lang='lat' dir='ltr'>committuntur,</span> <span class='ocrx_word' id='word_1_137' title='bbox 567 2170 617 2225; x_wconf 92' lang='lat' dir='ltr'>set</span> <span class='ocrx_word' id='word_1_138' title='bbox 643 2164 756 2224; x_wconf 91' lang='lat' dir='ltr'>domus</span> <span class='ocrx_word' id='word_1_139' title='bbox 787 2164 930 2240; x_wconf 89' lang='lat' dir='ltr'>Domini,</span> <span class='ocrx_word' id='word_1_140' title='bbox 956 2184 1051 2245; x_wconf 86' lang='lat' dir='ltr'>quam</span> <span class='ocrx_word' id='word_1_141' title='bbox 1076 2164 1170 2224; x_wconf 88' lang='lat' dir='ltr'>decet</span> <span class='ocrx_word' id='word_1_142' title='bbox 1199 2182 1257 2242; x_wconf 93' lang='lat' dir='ltr'>per</span> <span class='ocrx_word' id='word_1_143' title='bbox 1282 2165 1404 2234; x_wconf 55' lang='lat' dir='ltr'>notares</span> 
     </span>
     <span class='ocr_line' id='line_1_19' title="bbox 109 2225 1416 2322; baseline -0.002 -2"><span class='ocrx_word' id='word_1_144' title='bbox 109 2261 217 2321; x_wconf 90' lang='lat' dir='ltr'>omnia</span> <span class='ocrx_word' id='word_1_145' title='bbox 232 2261 416 2322; x_wconf 87' lang='lat' dir='ltr'>sanctitudo</span> <span class='ocrx_word' id='word_1_146' title='bbox 431 2281 467 2321; x_wconf 88' lang='lat' dir='ltr'>ac</span> <span class='ocrx_word' id='word_1_147' title='bbox 491 2260 579 2321; x_wconf 88' lang='lat' dir='ltr'>locus</span> <span class='ocrx_word' id='word_1_148' title='bbox 603 2260 765 2320; x_wconf 89' lang='lat' dir='ltr'>sacrificiis</span> <span class='ocrx_word' id='word_1_149' title='bbox 788 2260 972 2321; x_wconf 89' lang='lat' dir='ltr'>coelestibus</span> <span class='ocrx_word' id='word_1_150' title='bbox 999 2265 1032 2320; x_wconf 88' lang='lat' dir='ltr'>ct</span> <span class='ocrx_word' id='word_1_151' title='bbox 1055 2258 1256 2320; x_wconf 90' lang='lat' dir='ltr'>oracionibus</span> <span class='ocrx_word' id='word_1_152' title='bbox 1282 2225 1416 2271; x_wconf 64' lang='lat' dir='ltr'>orthem</span> 
     </span>
     <span class='ocr_line' id='line_1_20' title="bbox 108 2352 1257 2438; baseline -0.003 -22"><span class='ocrx_word' id='word_1_153' title='bbox 108 2355 254 2417; x_wconf 89' lang='lat' dir='ltr'>fidelium</span> <span class='ocrx_word' id='word_1_154' title='bbox 278 2357 464 2438; x_wconf 89' lang='lat' dir='ltr'>deputatus,</span> <span class='ocrx_word' id='word_1_155' title='bbox 487 2357 527 2418; x_wconf 91' lang='lat' dir='ltr'>ab</span> <span class='ocrx_word' id='word_1_156' title='bbox 550 2354 756 2416; x_wconf 87' lang='lat' dir='ltr'>inhonestate</span> <span class='ocrx_word' id='word_1_157' title='bbox 783 2357 936 2437; x_wconf 88' lang='lat' dir='ltr'>praedicta</span> <span class='ocrx_word' id='word_1_158' title='bbox 961 2375 1073 2437; x_wconf 88' lang='lat' dir='ltr'>expers</span> <span class='ocrx_word' id='word_1_159' title='bbox 1100 2352 1257 2415; x_wconf 89' lang='lat' dir='ltr'>habeatur</span> 
     </span>
     <span class='ocr_line' id='line_1_21' title="bbox 109 2451 1257 2534; baseline -0.003 -20"><span class='ocrx_word' id='word_1_160' title='bbox 109 2453 276 2528; x_wconf 86' lang='lat' dir='ltr'>decaeter0,</span> <span class='ocrx_word' id='word_1_161' title='bbox 292 2457 326 2514; x_wconf 91' lang='lat' dir='ltr'>et</span> <span class='ocrx_word' id='word_1_162' title='bbox 346 2451 441 2534; x_wconf 89' lang='lat' dir='ltr'>juxta</span> <span class='ocrx_word' id='word_1_163' title='bbox 465 2453 515 2513; x_wconf 92' lang='lat' dir='ltr'>sui</span> <span class='ocrx_word' id='word_1_164' title='bbox 538 2452 652 2532; x_wconf 89' lang='lat' dir='ltr'>capitis</span> <span class='ocrx_word' id='word_1_165' title='bbox 673 2452 917 2512; x_wconf 89' lang='lat' dir='ltr'>institucionem</span> <span class='ocrx_word' id='word_1_166' title='bbox 935 2453 1120 2532; x_wconf 89' lang='lat' dir='ltr'>primariam</span> <span class='ocrx_word' id='word_1_167' title='bbox 1139 2451 1257 2511; x_wconf 90' lang='lat' dir='ltr'>Divino</span> 
     </span>
     <span class='ocr_line' id='line_1_22' title="bbox 109 2548 1256 2631; baseline -0.001 -22"><span class='ocrx_word' id='word_1_168' title='bbox 109 2548 213 2609; x_wconf 89' lang='lat' dir='ltr'>cultui</span> <span class='ocrx_word' id='word_1_169' title='bbox 237 2549 451 2631; x_wconf 89' lang='lat' dir='ltr'>mancipetur,</span> <span class='ocrx_word' id='word_1_170' title='bbox 468 2549 557 2610; x_wconf 88' lang='lat' dir='ltr'>vohis</span> <span class='ocrx_word' id='word_1_171' title='bbox 584 2548 776 2608; x_wconf 87' lang='lat' dir='ltr'>mandamus</span> <span class='ocrx_word' id='word_1_172' title='bbox 799 2549 834 2608; x_wconf 91' lang='lat' dir='ltr'>iu</span> <span class='ocrx_word' id='word_1_173' title='bbox 857 2549 979 2609; x_wconf 92' lang='lat' dir='ltr'>virtute</span> <span class='ocrx_word' id='word_1_174' title='bbox 1003 2548 1199 2609; x_wconf 86' lang='lat' dir='ltr'>obedienciae</span> <span class='ocrx_word' id='word_1_175' title='bbox 1223 2552 1256 2608; x_wconf 90' lang='lat' dir='ltr'>et</span> 
     </span>
     <span class='ocr_line' id='line_1_23' title="bbox 109 2642 1256 2726; baseline -0.003 -21"><span class='ocrx_word' id='word_1_176' title='bbox 109 2645 168 2707; x_wconf 91' lang='lat' dir='ltr'>sub</span> <span class='ocrx_word' id='word_1_177' title='bbox 184 2664 279 2726; x_wconf 86' lang='lat' dir='ltr'>poena</span> <span class='ocrx_word' id='word_1_178' title='bbox 294 2645 507 2706; x_wconf 89' lang='lat' dir='ltr'>districcionis</span> <span class='ocrx_word' id='word_1_179' title='bbox 531 2645 690 2705; x_wconf 88' lang='lat' dir='ltr'>canonicae</span> <span class='ocrx_word' id='word_1_180' title='bbox 713 2644 849 2704; x_wconf 88' lang='lat' dir='ltr'>firmiter</span> <span class='ocrx_word' id='word_1_181' title='bbox 871 2642 1080 2726; x_wconf 86' lang='lat' dir='ltr'>injungentes</span> <span class='ocrx_word' id='word_1_182' title='bbox 1103 2644 1256 2724; x_wconf 90' lang='lat' dir='ltr'>quatinus</span> 
     </span>
     <span class='ocr_line' id='line_1_24' title="bbox 109 2737 1412 2826; baseline -0.002 -26"><span class='ocrx_word' id='word_1_183' title='bbox 109 2740 245 2824; x_wconf 75' lang='lat' dir='ltr'>singulis</span> <span class='ocrx_word' id='word_1_184' title='bbox 261 2741 376 2802; x_wconf 90' lang='lat' dir='ltr'>diebus</span> <span class='ocrx_word' id='word_1_185' title='bbox 392 2741 568 2802; x_wconf 88' lang='lat' dir='ltr'>Dominicis</span> <span class='ocrx_word' id='word_1_186' title='bbox 585 2744 619 2801; x_wconf 88' lang='lat' dir='ltr'>et</span> <span class='ocrx_word' id='word_1_187' title='bbox 630 2738 756 2800; x_wconf 88' lang='lat' dir='ltr'>festivis</span> <span class='ocrx_word' id='word_1_188' title='bbox 771 2741 964 2801; x_wconf 87' lang='lat' dir='ltr'>auctoritate</span> <span class='ocrx_word' id='word_1_189' title='bbox 980 2744 1089 2800; x_wconf 85' lang='lat' dir='ltr'>nostra</span> <span class='ocrx_word' id='word_1_190' title='bbox 1104 2737 1210 2819; x_wconf 86' lang='lat' dir='ltr'>palam</span> <span class='ocrx_word' id='word_1_191' title='bbox 1221 2741 1256 2798; x_wconf 91' lang='lat' dir='ltr'>et</span> <span class='ocrx_word' id='word_1_192' title='bbox 1282 2779 1332 2826; x_wconf 55' lang='grc' dir='ltr'>ΟΠ,</span> <span class='ocrx_word' id='word_1_193' title='bbox 1343 2781 1412 2826; x_wconf 74' lang='lat' dir='ltr'>order</span> 
     </span>
     <span class='ocr_line' id='line_1_25' title="bbox 107 2834 1413 2918; baseline -0.002 -22"><span class='ocrx_word' id='word_1_194' title='bbox 107 2836 259 2918; x_wconf 91' lang='lat' dir='ltr'>pupplice</span> <span class='ocrx_word' id='word_1_195' title='bbox 283 2834 429 2899; x_wconf 92' lang='lat' dir='ltr'>inhibere</span> <span class='ocrx_word' id='word_1_196' title='bbox 453 2837 583 2913; x_wconf 89' lang='lat' dir='ltr'>curetis,</span> <span class='ocrx_word' id='word_1_197' title='bbox 606 2856 648 2897; x_wconf 90' lang='lat' dir='ltr'>ne</span> <span class='ocrx_word' id='word_1_198' title='bbox 673 2837 745 2917; x_wconf 92' lang='lat' dir='ltr'>quis</span> <span class='ocrx_word' id='word_1_199' title='bbox 770 2837 805 2896; x_wconf 92' lang='lat' dir='ltr'>in</span> <span class='ocrx_word' id='word_1_200' title='bbox 831 2836 920 2897; x_wconf 88' lang='lat' dir='ltr'>dicta</span> <span class='ocrx_word' id='word_1_201' title='bbox 944 2835 1078 2898; x_wconf 87' lang='grc'><strong>60010616</strong></span> <span class='ocrx_word' id='word_1_202' title='bbox 1104 2835 1255 2917; x_wconf 88' lang='lat' dir='ltr'>negocia·</span> <span class='ocrx_word' id='word_1_203' title='bbox 1281 2840 1413 2886; x_wconf 72' lang='lat' dir='ltr'>toberead</span> 
     </span>
     <span class='ocr_line' id='line_1_26' title="bbox 107 2900 1435 3017; baseline -0.002 -24"><span class='ocrx_word' id='word_1_204' title='bbox 107 2933 215 2995; x_wconf 90' lang='lat' dir='ltr'>ciones</span> <span class='ocrx_word' id='word_1_205' title='bbox 231 2938 288 2994; x_wconf 87' lang='lat' dir='ltr'>aut</span> <span class='ocrx_word' id='word_1_206' title='bbox 304 2935 496 2994; x_wconf 89' lang='lat' dir='ltr'>commercia</span> <span class='ocrx_word' id='word_1_207' title='bbox 510 2954 620 2995; x_wconf 90' lang='lat' dir='ltr'>rerum</span> <span class='ocrx_word' id='word_1_208' title='bbox 636 2933 800 2993; x_wconf 90' lang='lat' dir='ltr'>venalium</span> <span class='ocrx_word' id='word_1_209' title='bbox 816 2952 1082 3013; x_wconf 86' lang='lat' dir='ltr'>quarumcunque</span> <span class='ocrx_word' id='word_1_210' title='bbox 1098 2932 1255 2992; x_wconf 86' lang='lat' dir='ltr'>decaetero</span> <span class='ocrx_word' id='word_1_211' title='bbox 1280 2900 1365 3003; x_wconf 52' lang='lat' dir='ltr'>{lli}</span> <span class='ocrx_word' id='word_1_212' title='bbox 1373 2958 1435 3017; x_wconf 70' lang='lat'>(1⁸5⁵</span> 
     </span>
     <span class='ocr_line' id='line_1_27' title="bbox 107 3017 1419 3111; baseline -0.002 -20"><span class='ocrx_word' id='word_1_213' title='bbox 107 3049 271 3092; x_wconf 90' lang='lat' dir='ltr'>excercere</span> <span class='ocrx_word' id='word_1_214' title='bbox 301 3035 485 3111; x_wconf 88' lang='lat' dir='ltr'>praesumat,</span> <span class='ocrx_word' id='word_1_215' title='bbox 516 3029 576 3090; x_wconf 89' lang='lat' dir='ltr'>sub</span> <span class='ocrx_word' id='word_1_216' title='bbox 613 3049 708 3110; x_wconf 88' lang='lat' dir='ltr'>poena</span> <span class='ocrx_word' id='word_1_217' title='bbox 745 3028 1084 3089; x_wconf 87' lang='lat' dir='ltr'>excommunicacionis</span> <span class='ocrx_word' id='word_1_218' title='bbox 1114 3026 1255 3107; x_wconf 86' lang='lat' dir='ltr'>majoris,</span> <span class='ocrx_word' id='word_1_219' title='bbox 1281 3017 1419 3064; x_wconf 74' lang='grc'><strong>1111111111·</strong></span> 
     </span>
     <span class='ocr_line' id='line_1_28' title="bbox 107 3122 1257 3207; baseline -0.003 -21"><span class='ocrx_word' id='word_1_220' title='bbox 107 3145 206 3205; x_wconf 86' lang='lat' dir='ltr'>quam</span> <span class='ocrx_word' id='word_1_221' title='bbox 236 3127 271 3187; x_wconf 91' lang='lat' dir='ltr'>in</span> <span class='ocrx_word' id='word_1_222' title='bbox 302 3146 413 3186; x_wconf 92' lang='lat' dir='ltr'>omnes</span> <span class='ocrx_word' id='word_1_223' title='bbox 444 3129 478 3186; x_wconf 92' lang='lat' dir='ltr'>et</span> <span class='ocrx_word' id='word_1_224' title='bbox 509 3125 653 3207; x_wconf 83' lang='lat' dir='ltr'>singulos</span> <span class='ocrx_word' id='word_1_225' title='bbox 683 3126 880 3186; x_wconf 90' lang='lat' dir='ltr'>contrarium</span> <span class='ocrx_word' id='word_1_226' title='bbox 909 3124 1078 3200; x_wconf 85' lang='lat' dir='ltr'>facientes,</span> <span class='ocrx_word' id='word_1_227' title='bbox 1108 3122 1257 3204; x_wconf 85' lang='lat' dir='ltr'>legitima</span> 
     </span>
     <span class='ocr_line' id='line_1_29' title="bbox 107 3217 1257 3303; baseline -0.003 -21"><span class='ocrx_word' id='word_1_228' title='bbox 107 3222 290 3283; x_wconf 91' lang='lat' dir='ltr'>monicione</span> <span class='ocrx_word' id='word_1_229' title='bbox 315 3223 489 3303; x_wconf 86' lang='lat' dir='ltr'>praemissa,</span> <span class='ocrx_word' id='word_1_230' title='bbox 512 3242 570 3303; x_wconf 93' lang='lat' dir='ltr'>per</span> <span class='ocrx_word' id='word_1_231' title='bbox 596 3242 650 3282; x_wconf 92' lang='lat' dir='ltr'>vos</span> <span class='ocrx_word' id='word_1_232' title='bbox 678 3221 729 3282; x_wconf 89' lang='lat' dir='ltr'>vel</span> <span class='ocrx_word' id='word_1_233' title='bbox 751 3220 893 3302; x_wconf 88' lang='lat' dir='ltr'>aliquem</span> <span class='ocrx_word' id='word_1_234' title='bbox 915 3241 934 3281; x_wconf 89' lang='lat' dir='ltr'>a</span> <span class='ocrx_word' id='word_1_235' title='bbox 958 3219 1048 3280; x_wconf 85' lang='lat' dir='ltr'>vobis</span> <span class='ocrx_word' id='word_1_236' title='bbox 1073 3217 1257 3299; x_wconf 90' lang='lat' dir='ltr'>specialiter</span> 
     </span>
     <span class='ocr_line' id='line_1_30' title="bbox 107 3315 1257 3400; baseline -0.003 -22"><span class='ocrx_word' id='word_1_237' title='bbox 107 3318 341 3398; x_wconf 90' lang='lat' dir='ltr'>deputandum,</span> <span class='ocrx_word' id='word_1_238' title='bbox 356 3319 426 3379; x_wconf 85' lang='lat' dir='ltr'>vice</span> <span class='ocrx_word' id='word_1_239' title='bbox 451 3323 561 3378; x_wconf 86' lang='lat' dir='ltr'>nostra</span> <span class='ocrx_word' id='word_1_240' title='bbox 584 3318 733 3400; x_wconf 89' lang='lat' dir='ltr'>pupplice</span> <span class='ocrx_word' id='word_1_241' title='bbox 758 3322 792 3378; x_wconf 91' lang='lat' dir='ltr'>et</span> <span class='ocrx_word' id='word_1_242' title='bbox 819 3316 1027 3398; x_wconf 86' lang='lat' dir='ltr'>solempniter</span> <span class='ocrx_word' id='word_1_243' title='bbox 1049 3315 1198 3376; x_wconf 90' lang='lat' dir='ltr'>volumus</span> <span class='ocrx_word' id='word_1_244' title='bbox 1222 3319 1257 3376; x_wconf 91' lang='lat' dir='ltr'>et</span> 
     </span>
     <span class='ocr_line' id='line_1_31' title="bbox 106 3411 1396 3501; baseline 0 -27"><span class='ocrx_word' id='word_1_245' title='bbox 106 3415 311 3494; x_wconf 87' lang='lat' dir='ltr'>praecipimus</span> <span class='ocrx_word' id='word_1_246' title='bbox 348 3414 555 3501; x_wconf 84' lang='lat' dir='ltr'>promulgari.</span> <span class='ocrx_word' id='word_1_247' title='bbox 616 3415 664 3476; x_wconf 81' lang='lat' dir='ltr'>Ad</span> <span class='ocrx_word' id='word_1_248' title='bbox 694 3412 792 3495; x_wconf 89' lang='lat' dir='ltr'>hujus</span> <span class='ocrx_word' id='word_1_249' title='bbox 830 3418 941 3474; x_wconf 90' lang='lat' dir='ltr'>autem</span> <span class='ocrx_word' id='word_1_250' title='bbox 970 3412 1018 3473; x_wconf 91' lang='lat' dir='ltr'>rei</span> <span class='ocrx_word' id='word_1_251' title='bbox 1055 3411 1256 3472; x_wconf 88' lang='lat' dir='ltr'>evidenciam</span> <span class='ocrx_word' id='word_1_252' title='bbox 1281 3429 1396 3500; x_wconf 60' lang='lat' dir='ltr'>Trecen-</span> 
     </span>
     <span class='ocr_line' id='line_1_32' title="bbox 107 3488 1440 3595; baseline -0.002 -24"><span class='ocrx_word' id='word_1_253' title='bbox 107 3510 284 3591; x_wconf 90' lang='lat' dir='ltr'>pleniorem</span> <span class='ocrx_word' id='word_1_254' title='bbox 301 3509 577 3573; x_wconf 69' lang='lat' dir='ltr'>constitucionem</span> <span class='ocrx_word' id='word_1_255' title='bbox 593 3509 754 3572; x_wconf 88' lang='lat' dir='ltr'>salubrem</span> <span class='ocrx_word' id='word_1_256' title='bbox 770 3510 874 3572; x_wconf 88' lang='lat' dir='ltr'>felicis</span> <span class='ocrx_word' id='word_1_257' title='bbox 887 3509 1116 3572; x_wconf 88' lang='lat' dir='ltr'>recordacionis</span> <span class='ocrx_word' id='word_1_258' title='bbox 1132 3509 1254 3570; x_wconf 91' lang='lat' dir='ltr'>domiui</span> <span class='ocrx_word' id='word_1_259' title='bbox 1280 3488 1440 3595; x_wconf 55' lang='grc' dir='ltr'>ἓζζξξξζηξῖ</span> 
     </span>
     <span class='ocr_line' id='line_1_33' title="bbox 108 3604 1407 3711; baseline -0.001 -45"><span class='ocrx_word' id='word_1_260' title='bbox 108 3605 275 3684; x_wconf 90' lang='lat' dir='ltr'>Ottoboni,</span> <span class='ocrx_word' id='word_1_261' title='bbox 306 3606 468 3688; x_wconf 92' lang='lat' dir='ltr'>quondam</span> <span class='ocrx_word' id='word_1_262' title='bbox 494 3607 528 3667; x_wconf 94' lang='lat' dir='ltr'>in</span> <span class='ocrx_word' id='word_1_263' title='bbox 557 3613 667 3668; x_wconf 90' lang='lat' dir='ltr'>sancta</span> <span class='ocrx_word' id='word_1_264' title='bbox 691 3607 836 3670; x_wconf 87' lang='lat' dir='ltr'>Romana</span> <span class='ocrx_word' id='word_1_265' title='bbox 862 3606 996 3669; x_wconf 90' lang='lat' dir='ltr'>ecclesia</span> <span class='ocrx_word' id='word_1_266' title='bbox 1020 3604 1112 3667; x_wconf 87' lang='lat' dir='ltr'>tituli</span> <span class='ocrx_word' id='word_1_267' title='bbox 1144 3605 1256 3668; x_wconf 85' lang='lat' dir='ltr'>Sancti</span> <span class='ocrx_word' id='word_1_268' title='bbox 1281 3609 1377 3711; x_wconf 60' lang='lat' dir='ltr'>gss⁸l¹¹⁸l</span> <span class='ocrx_word' id='word_1_269' title='bbox 1401 3665 1407 3676; x_wconf 77' lang='grc'><strong>,</strong></span> 
     </span>
     <span class='ocr_line' id='line_1_34' title="bbox 107 3679 1429 3785; baseline 0 -23"><span class='ocrx_word' id='word_1_270' title='bbox 107 3702 242 3764; x_wconf 85' lang='lat' dir='ltr'>Adriani</span> <span class='ocrx_word' id='word_1_271' title='bbox 258 3703 383 3764; x_wconf 87' lang='lat' dir='ltr'>diaconi</span> <span class='ocrx_word' id='word_1_272' title='bbox 399 3701 588 3780; x_wconf 84' lang='lat' dir='ltr'>Cardinalis,</span> <span class='ocrx_word' id='word_1_273' title='bbox 605 3709 639 3765; x_wconf 92' lang='lat' dir='ltr'>et</span> <span class='ocrx_word' id='word_1_274' title='bbox 651 3704 842 3785; x_wconf 81' lang='lat' dir='ltr'>Apostolicae</span> <span class='ocrx_word' id='word_1_275' title='bbox 859 3704 942 3766; x_wconf 89' lang='lat' dir='ltr'>sedis</span> <span class='ocrx_word' id='word_1_276' title='bbox 958 3704 993 3763; x_wconf 92' lang='lat' dir='ltr'>in</span> <span class='ocrx_word' id='word_1_277' title='bbox 1009 3702 1127 3785; x_wconf 85' lang='lat' dir='ltr'>Anglia</span> <span class='ocrx_word' id='word_1_278' title='bbox 1142 3702 1253 3784; x_wconf 88' lang='lat' dir='ltr'>legati,</span> <span class='ocrx_word' id='word_1_279' title='bbox 1281 3679 1429 3771; x_wconf 60' lang='lat' dir='ltr'>cillllllm</span> 
     </span>
     <span class='ocr_line' id='line_1_35' title="bbox 107 3798 1256 3880; baseline -0.002 -21"><span class='ocrx_word' id='word_1_280' title='bbox 107 3798 146 3858; x_wconf 84' lang='lat' dir='ltr'>ad</span> <span class='ocrx_word' id='word_1_281' title='bbox 176 3804 368 3880; x_wconf 84' lang='lat' dir='ltr'>perpetuam</span> <span class='ocrx_word' id='word_1_282' title='bbox 405 3801 451 3860; x_wconf 90' lang='lat' dir='ltr'>rei</span> <span class='ocrx_word' id='word_1_283' title='bbox 489 3801 677 3861; x_wconf 90' lang='lat' dir='ltr'>memoriam</span> <span class='ocrx_word' id='word_1_284' title='bbox 716 3801 848 3877; x_wconf 89' lang='lat' dir='ltr'>editam,</span> <span class='ocrx_word' id='word_1_285' title='bbox 879 3800 968 3861; x_wconf 89' lang='lat' dir='ltr'>vobis</span> <span class='ocrx_word' id='word_1_286' title='bbox 998 3799 1256 3860; x_wconf 86' lang='lat' dir='ltr'>transmittimus</span> 
     </span>
     <span class='ocr_line' id='line_1_36' title="bbox 107 3888 1254 3976; baseline -0.003 -20"><span class='ocrx_word' id='word_1_287' title='bbox 107 3888 319 3975; x_wconf 88' lang='lat' dir='ltr'>praesentibus</span> <span class='ocrx_word' id='word_1_288' title='bbox 335 3895 554 3973; x_wconf 89' lang='lat' dir='ltr'>interclusam,</span> <span class='ocrx_word' id='word_1_289' title='bbox 570 3901 609 3957; x_wconf 89' lang='lat' dir='ltr'>ut</span> <span class='ocrx_word' id='word_1_290' title='bbox 624 3917 662 3958; x_wconf 89' lang='lat' dir='ltr'>ex</span> <span class='ocrx_word' id='word_1_291' title='bbox 686 3897 763 3958; x_wconf 90' lang='lat' dir='ltr'>inde</span> <span class='ocrx_word' id='word_1_292' title='bbox 779 3896 904 3957; x_wconf 90' lang='lat' dir='ltr'>cunctis</span> <span class='ocrx_word' id='word_1_293' title='bbox 928 3895 1051 3976; x_wconf 89' lang='lat' dir='ltr'>liqueat</span> <span class='ocrx_word' id='word_1_294' title='bbox 1074 3894 1254 3970; x_wconf 90' lang='lat' dir='ltr'>evidenter,</span> 
     </span>
     <span class='ocr_line' id='line_1_37' title="bbox 107 3988 1267 4073; baseline -0.003 -22"><span class='ocrx_word' id='word_1_295' title='bbox 107 3992 191 4072; x_wconf 91' lang='lat' dir='ltr'>quod</span> <span class='ocrx_word' id='word_1_296' title='bbox 214 3993 332 4052; x_wconf 89' lang='lat' dir='ltr'>nostris</span> <span class='ocrx_word' id='word_1_297' title='bbox 356 3996 390 4053; x_wconf 92' lang='grc'>61</span> <span class='ocrx_word' id='word_1_298' title='bbox 411 3992 547 4052; x_wconf 90' lang='lat' dir='ltr'>aliorum</span> <span class='ocrx_word' id='word_1_299' title='bbox 572 3992 777 4073; x_wconf 86' lang='lat' dir='ltr'>praelatorum</span> <span class='ocrx_word' id='word_1_300' title='bbox 799 3991 959 4052; x_wconf 91' lang='lat' dir='ltr'>incumbit</span> <span class='ocrx_word' id='word_1_301' title='bbox 983 3989 1127 4051; x_wconf 89' lang='lat' dir='ltr'>humeris</span> <span class='ocrx_word' id='word_1_302' title='bbox 1149 3988 1267 4069; x_wconf 82' lang='lat' dir='ltr'>ipsam&#39;</span> 
     </span>
     <span class='ocr_line' id='line_1_38' title="bbox 108 4084 1257 4169; baseline -0.003 -19"><span class='ocrx_word' id='word_1_303' title='bbox 108 4086 384 4150; x_wconf 83' lang='lat' dir='ltr'>Constitucionem</span> <span class='ocrx_word' id='word_1_304' title='bbox 393 4087 497 4150; x_wconf 85' lang='lat' dir='ltr'>facere</span> <span class='ocrx_word' id='word_1_305' title='bbox 513 4108 570 4169; x_wconf 91' lang='lat' dir='ltr'>per</span> <span class='ocrx_word' id='word_1_306' title='bbox 581 4109 748 4149; x_wconf 89' lang='lat' dir='ltr'>censuram</span> <span class='ocrx_word' id='word_1_307' title='bbox 761 4088 1010 4150; x_wconf 88' lang='lat' dir='ltr'>ecclesiasticam</span> <span class='ocrx_word' id='word_1_308' title='bbox 1022 4084 1257 4146; x_wconf 89' lang='lat' dir='ltr'>inviolabiliter·</span> 
     </span>
     <span class='ocr_line' id='line_1_39' title="bbox 107 4181 1259 4266; baseline -0.006 -19"><span class='ocrx_word' id='word_1_309' title='bbox 107 4185 285 4247; x_wconf 87' lang='lat' dir='ltr'>observari.¹</span> <span class='ocrx_word' id='word_1_310' title='bbox 331 4184 456 4247; x_wconf 86' lang='lat' dir='ltr'>Valete.</span> <span class='ocrx_word' id='word_1_311' title='bbox 513 4184 588 4245; x_wconf 88' lang='lat' dir='ltr'>Dat.</span> <span class='ocrx_word' id='word_1_312' title='bbox 615 4185 700 4265; x_wconf 87' lang='lat' dir='ltr'>apud</span> <span class='ocrx_word' id='word_1_313' title='bbox 726 4183 887 4266; x_wconf 87' lang='lat' dir='ltr'>Otteleye.</span> <span class='ocrx_word' id='word_1_314' title='bbox 918 4181 997 4265; x_wconf 84' lang='lat' dir='ltr'>xxiij</span> <span class='ocrx_word' id='word_1_315' title='bbox 1024 4183 1077 4244; x_wconf 92' lang='lat' dir='ltr'>die</span> <span class='ocrx_word' id='word_1_316' title='bbox 1102 4181 1259 4265; x_wconf 82' lang='lat' dir='ltr'>Augusti,</span> 
     </span>
    </p>
   </div>
   <div class='ocr_carea' id='block_1_5' title="bbox 108 4280 1020 4365">
    <p class='ocr_par' dir='ltr' id='par_1_5' title="bbox 108 4280 1020 4365">
     <span class='ocr_line' id='line_1_40' title="bbox 108 4280 1020 4365; baseline -0.001 -22"><span class='ocrx_word' id='word_1_317' title='bbox 108 4281 198 4343; x_wconf 82' lang='lat' dir='ltr'>Anno</span> <span class='ocrx_word' id='word_1_318' title='bbox 212 4281 328 4365; x_wconf 86' lang='lat' dir='ltr'>graciae</span> <span class='ocrx_word' id='word_1_319' title='bbox 344 4281 483 4341; x_wconf 81' lang='lat' dir='ltr'>M⁰cccmo</span> <span class='ocrx_word' id='word_1_320' title='bbox 498 4285 620 4358; x_wconf 76' lang='lat' dir='ltr'>notave,</span> <span class='ocrx_word' id='word_1_321' title='bbox 637 4286 671 4343; x_wconf 91' lang='lat' dir='ltr'>et</span> <span class='ocrx_word' id='word_1_322' title='bbox 685 4286 776 4364; x_wconf 91' lang='lat' dir='ltr'>pont.</span> <span class='ocrx_word' id='word_1_323' title='bbox 791 4282 894 4342; x_wconf 89' lang='lat' dir='ltr'>nostri</span> <span class='ocrx_word' id='word_1_324' title='bbox 909 4280 1020 4343; x_wconf 83' lang='lat' dir='ltr'>tercio.</span> 
     </span>
    </p>
   </div>
   <div class='ocr_carea' id='block_1_6' title="bbox 108 4412 1257 4566">
    <p class='ocr_par' dir='ltr' id='par_1_6' title="bbox 108 4412 1257 4566">
     <span class='ocr_line' id='line_1_41' title="bbox 159 4412 1255 4485; baseline -0.002 -17"><span class='ocrx_word' id='word_1_325' title='bbox 159 4416 201 4485; x_wconf 91' lang='lat'>(1)</span> <span class='ocrx_word' id='word_1_326' title='bbox 222 4415 274 4469; x_wconf 86' lang='lat' dir='ltr'>See</span> <span class='ocrx_word' id='word_1_327' title='bbox 288 4414 489 4468; x_wconf 75' lang='lat' dir='ltr'>Ocrcrtitutt&#39;cner</span> <span class='ocrx_word' id='word_1_328' title='bbox 504 4414 645 4468; x_wconf 71' lang='lat' dir='ltr'>otthoboni</span> <span class='ocrx_word' id='word_1_329' title='bbox 655 4414 863 4484; x_wconf 84' lang='lat' dir='ltr'>(Uoncil.Lond.</span> <span class='ocrx_word' id='word_1_330' title='bbox 873 4430 928 4469; x_wconf 59' lang='lat' dir='ltr'>nn.</span> <span class='ocrx_word' id='word_1_331' title='bbox 938 4412 1162 4484; x_wconf 47' lang='grc' dir='ltr'>1608111664,ί</span> <span class='ocrx_word' id='word_1_332' title='bbox 1172 4413 1255 4478; x_wconf 78' lang='lat' dir='ltr'>Quod</span> 
     </span>
     <span class='ocr_line' id='line_1_42' title="bbox 108 4490 1257 4566; baseline 0.001 -20"><span class='ocrx_word' id='word_1_333' title='bbox 108 4495 300 4566; x_wconf 79' lang='lat' dir='ltr'>negotiationes</span> <span class='ocrx_word' id='word_1_334' title='bbox 323 4511 377 4547; x_wconf 90' lang='lat' dir='ltr'>non</span> <span class='ocrx_word' id='word_1_335' title='bbox 401 4493 468 4549; x_wconf 82' lang='lat' dir='ltr'>fiant</span> <span class='ocrx_word' id='word_1_336' title='bbox 491 4493 520 4550; x_wconf 89' lang='lat' dir='ltr'>in</span> <span class='ocrx_word' id='word_1_337' title='bbox 545 4493 683 4550; x_wconf 62' lang='lat' dir='ltr'>Ecclesia!</span> <span class='ocrx_word' id='word_1_338' title='bbox 721 4490 903 4566; x_wconf 66' lang='lat' dir='ltr'>(hebbaxiv.</span> <span class='ocrx_word' id='word_1_339' title='bbox 928 4494 999 4564; x_wconf 65' lang='lat'>4335</span> <span class='ocrx_word' id='word_1_340' title='bbox 1017 4492 1148 4562; x_wconf 82' lang='lat' dir='ltr'>Willrins,</span> <span class='ocrx_word' id='word_1_341' title='bbox 1159 4491 1188 4549; x_wconf 86' lang='lat' dir='ltr'>ii.</span> <span class='ocrx_word' id='word_1_342' title='bbox 1211 4493 1257 4548; x_wconf 79' lang='lat'>14.</span> 
     </span>
    </p>
   </div>
   <div class='ocr_carea' id='block_1_7' title="bbox 0 0 1543 5032">
    <p class='ocr_par' dir='ltr' id='par_1_7' title="bbox 0 0 1543 5032">
     <span class='ocr_line' id='line_1_43' title="bbox 0 0 1543 5032; baseline 0 0"><span class='ocrx_word' id='word_1_343' title='bbox 0 0 1543 5032; x_wconf 95' lang='lat' dir='ltr'> </span> 
     </span>
    </p>
   </div>
  </div>
 </body>
</html>
