3068 5024
269 307 441 364 61166616
467 311 565 363 rison
591 309 686 363 16611
711 311 923 378 numerurm
950 313 1103 366 1111161.
1360 295 1430 367 111

110 480 280 564 elegerint,
289 498 369 561 quos
378 480 526 542 volumus
541 480 577 541 in
591 481 661 561 ipsa
676 480 906 544 ecclesiahoris
917 482 1076 544 canonicis
1090 483 1257 558 interesse,
1282 492 1332 537 side
1343 491 1428 563 trelve

110 577 195 637 sicut
209 576 245 636 in
260 595 336 637 casu
350 577 511 638 consimili
525 577 560 637 in
576 576 718 638 ecclesiis
741 579 859 639 nostris
874 578 1052 661 collegiatis
1068 577 1257 640 Suwellensi
1283 551 1399 670 illem

109 676 145 732 61
174 670 400 733 Β611611666161
429 675 479 732 661
508 670 667 733 haetenus
697 672 912 751 observatum,
939 673 1088 755 quodque
1117 693 1257 756 praesens

109 765 271 827 ordinacio
292 763 447 827 effectum
463 785 559 827 suurn
580 763 699 828 habeat
721 786 741 827 a
762 766 846 829 festo
860 768 1132 830 Annunciacionis
1147 769 1257 831 Beatae

108 862 220 924 Mariae
256 862 403 945 Virginis
439 882 529 943 prox.
559 862 680 941 11111116,
709 865 875 944 perpetuis
905 863 1024 926 futuris
1055 865 1257 946 temporibus

108 957 271 1035 duratura,
286 962 448 1020 reservata
470 959 562 1022 nobis
585 963 619 1020 et
645 959 879 1022 successoribus
901 962 1030 1040 nostris,
1046 967 1080 1023 et
1103 983 1201 1044 quarn
1218 982 1256 1024 ex
1282 975 1397 1023 Reserva-

107 1073 194 1114 nunc
209 1073 407 1116 reservamus
421 1058 594 1136 potestate,
609 1051 693 1116 11616
708 1059 850 1117 16611611
873 1056 1121 1135 ordinacionem,
1137 1059 1257 1119 consti·
1281 1036 1396 1151 ἓξὲξ,

108 1150 282 1227 tucionem,
308 1169 364 1211 seu
388 1150 556 1212 decretum
581 1149 742 1228 mutandi,
764 1151 919 1234 augendi,
942 1151 1137 1230 declarandi,
1153 1154 1256 1214 inter·
1282 1153 1367 1198 ameno
1423 1202 1427 1215 ,

107 1245 267 1324 pretandi,
283 1245 473 1328 corrigendi,
496 1247 625 1327 quocies
649 1250 683 1308 61
705 1247 833 1328 quando
856 1247 1021 1310 videbitur
1048 1253 1254 1331 oportunum.
1280 1212 1390 1316 llrltlltes.

107 1341 149 1401 In
164 1361 301 1421 quorum
317 1342 462 1403 omnium
485 1343 713 1403 testimonium
729 1342 874 1425 sigillum
896 1348 1046 1412 nostrum
1060 1349 1094 1406 61
1110 1345 1255 1428 sigillum

107 1436 241 1517 capituli
255 1437 351 1498 dictae
367 1437 508 1498 ecclesiae
523 1441 640 1499 nostrae
656 1437 772 1518 Ripon’
782 1440 998 1520 praesentibus
1011 1436 1089 1502 sunt
1102 1461 1254 1523 appensa.

107 1531 151 1592 Et
166 1551 223 1592 nos
239 1531 418 1612 capitulum
434 1533 575 1593 66616616
590 1532 715 1613 Rypon’
724 1533 907 1610 antedictae,
919 1537 1083 1615 praemissa
1098 1538 1206 1597 omnia
1221 1540 1256 1597 et

108 1626 236 1707 singula
266 1626 489 1706 approbantes,
513 1626 720 1704 16111661166,
746 1631 780 1688 61
804 1629 926 1689 eisdem
950 1649 1096 1710 expresse
1121 1650 1256 1692 consen·

109 1721 259 1796 scientes,
276 1720 420 1802 sigillum
438 1724 586 1783 nostrum
608 1722 821 1801 praesentibus
844 1722 995 1784 duximus
1018 1723 1255 1805 apponendum.

109 1814 176 1875 Nos
191 1834 318 1895 qnoque
329 1814 523 1893 Willelmns,
534 1816 744 1896 permissione
755 1819 818 1878 616.
831 1818 1026 1894 antedictus,
1038 1840 1074 1880 ac
1085 1818 1257 1902 praefatum

108 1909 288 1990 capitulum
313 1910 409 1972 (11616
442 1909 568 1992 Rypon'
598 1911 739 1972 ecclesiae
761 1917 935 1993 praesentes
970 1934 1029 1996 per
1062 1915 1256 1998 magistrum

108 2006 311 2067 Willelmum
355 2005 396 2067 (16
445 2006 595 2069 06116161
640 2009 835 2070 auctoritate
874 2009 1048 2089 apostolica
1088 2011 1256 2092 publicum

107 2101 269 2161 notarium
301 2101 457 2165 subscribi
495 2103 729 2180 mandavimus
768 2104 925 2186 signoque
964 2125 1021 2166 suo
1054 2110 1088 2167 61
1125 2107 1256 2168 nomine

108 2195 210 2256 solitis
234 2197 435 2259 communiri.
490 2197 564 2260 Dat.
595 2197 681 2279 apud
705 2198 820 2280 Rypon
844 2219 864 2259 x
888 2198 984 2261 Kal’n
1009 2200 1140 2283 Aprilis,
1170 2222 1256 2264 anno
1369 2196 1372 2203 ’

106 2297 168 2353 616.
184 2292 256 2373 xxxj
275 2296 308 2354 61
323 2293 531 2374 pontificatus
547 2295 649 2355 nostri
664 2295 913 2377 quintodecimo

172 2389 215 2449 Et
227 2408 286 2471 ego
297 2388 482 2451 Willelmus
494 2390 535 2451 de
548 2389 707 2468 Carleton,
717 2391 862 2468 clericus,
874 2391 1084 2454 Eboracensis
1096 2394 1253 2471 dioecesis,
1283 2406 1430 2476 praecepero

105 2482 255 2563 publicus
270 2486 464 2547 auctoritate
479 2487 655 2567 apostolica
670 2488 825 2564 notarius,
840 2489 1015 2569 praemissa,
1031 2494 1128 2570 prout
1143 2511 1254 2571 supra·
1279 2467 1385 2525 purum.

107 2579 289 2641 scribuntur
303 2600 399 2658 anno,
414 2601 538 2659 mense,
554 2582 618 2658 die,
634 2587 669 2643 61
690 2582 759 2644 loco
782 2584 987 2664 supradictis
1003 2585 1184 2646 indiccione
1202 2607 1255 2664 xv,

105 2695 170 2736 una
211 2697 286 2737 cum
316 2678 480 2759 magistris
510 2678 676 2739 Willelmo
713 2679 754 2739 de
791 2679 953 2742 Alberwilr
991 2700 1086 2742 sacrae
1115 2684 1254 2764 paginae,

105 2770 245 2833 Roberto
260 2771 300 2832 de
316 2772 515 2855 Nassington
530 2772 698 2854 utriusque
710 2771 793 2854 juris
810 2774 1054 2856 professoribus,
1068 2777 1192 2838 Adamo
1214 2779 1255 2839 de

106 2865 288 2931 Heselbech
304 2868 344 2929 dc
361 2868 508 2931 Stratton
532 2870 566 2928 in
581 2870 613 2930 le
636 2868 725 2950 Clay,
741 2869 880 2932 dominis
903 2871 1040 2933 Ricardo
1055 2872 1095 2933 de
1112 2872 1255 2958 Otryng-

104 2962 182 3025 ham
197 2964 237 3025 (16
253 2963 592 3045 Kirkebyoreblauers,
607 2964 772 3025 Willelmo
788 2965 828 3026 de
844 2966 997 3046 Popilton
1019 2968 1060 3028 de
1083 2967 1254 3032 Bruforton

106 3060 313 3120 ecclesiarum
336 3057 524 3134 rectoribus,
540 3058 636 3119 Ebor.
660 3058 815 3135 dioecesis,
839 3064 875 3121 et
897 3059 969 3120 aliis
983 3061 1123 3122 testibus
1138 3063 1179 3123 ad
1193 3062 1254 3125 hoc

104 3154 225 3214 vocatis
248 3158 283 3214 et
297 3153 436 3235 rogatis,
451 3172 591 3233 praesens
611 3152 757 3229 interfui,
781 3158 814 3214 61
836 3174 874 3216 66
899 3154 944 3215 616
968 3154 1039 3215 fieri
1056 3156 1197 3218 vidimus
1220 3164 1255 3220 et

106 3246 299 3325 audivimus,
314 3268 352 3309 66
374 3247 415 3309 (16
437 3245 600 3324 mandato,
615 3247 830 3329 injunccione,
847 3252 881 3310 61
904 3248 1071 3311 voluntate
1094 3249 1254 3313 dictorum

105 3343 206 3423 patris
223 3342 432 3405 Eboracensis
451 3340 686 3425 archiepiscopi
710 3348 744 3406 et
766 3345 902 3427 capituli
924 3344 1060 3426 Rypon',
1075 3343 1128 3407 hie
1143 3367 1195 3408 me
1218 3349 1254 3409 in

104 3442 225 3499 testem
256 3437 438 3519 subscripsi,
470 3439 664 3522 signumque
694 3460 804 3501 meum
834 3441 969 3521 apposui
994 3445 1188 3504 consuetum
1216 3445 1253 3505 in

104 3534 330 3595 testimonium
344 3534 602 3616 praemissorum.¹

160 3643 202 3713 (1)
222 3643 280 3698 The
291 3643 462 3714 Inspeximus
474 3645 557 3699 above
575 3644 694 3699 referred
713 3650 743 3699 16
754 3646 849 3716 begins
870 3663 900 3701 as
912 3646 1034 3702 follows:
1054 3651 1062 3679 ‘
1071 3649 1116 3702 De
1137 3651 1251 3719 quodem
1359 3646 1367 3656 '

106 3723 272 3775 ordinacione
284 3722 365 3793 sacta
377 3722 406 3775 in
419 3722 522 3776 ecclesia
542 3722 679 3792 collepr'oto
696 3724 801 3793 Reponi
838 3724 900 3778 Rex
921 3726 1046 3780 omnibus
1069 3727 1103 3780 ad
1124 3745 1189 3798 quos
1201 3735 1252 3782 etc.

105 3801 226 3854 salutem.
245 3799 415 3871 Inspeximus
425 3800 560 3870 quendam
573 3800 771 3856 ordinacionem
784 3803 885 3857 factam
894 3820 942 3875 per
954 3805 1134 3859 venerabilem
1145 3812 1251 3876 patrem

106 3878 301 3950 W(illelmum)
313 3878 556 3950 Archiepiscopum
573 3879 654 3934 Ebor.
668 3880 696 3933 in
708 3880 767 3935 1166
779 3881 877 3935 verba!
914 3881 991 3936 Then
1011 3899 1040 3936 66
1057 3884 1150 3951 above,
1163 3901 1192 3936 so
1210 3884 1252 3936 161

105 3973 134 4010 66
146 3957 192 4010 the
205 3957 263 4011 first
277 3957 348 4024 date,
362 3957 412 4010 but
429 3957 498 4010 with
516 3958 563 4011 the
581 3957 721 4028 following
742 3958 938 4029 subscription:
959 3958 1032 4012 ‘Nos
1053 3959 1251 4014 ordinacionem

104 4035 262 4105 praedictam
275 4041 361 4090 ratem
379 4035 509 4090 habentes
522 4042 549 4089 et
570 4043 684 4106 gratam,
696 4054 755 4090 eam
767 4054 816 4108 pro
834 4036 912 4090 nobis
924 4043 952 4091 et
974 4037 1127 4090 haeredibus
1146 4038 1252 4106 1661116,

105 4115 278 4184 quantumin
296 4115 373 4169 nobis
386 4119 436 4182 est,
448 4115 619 4169 concedimus
630 4121 659 4169 et
677 4115 874 4183 confirmamus,
887 4114 958 4169 sicut
969 4115 1055 4169 literae
1068 4114 1152 4186 ipsius
1165 4117 1252 4171 archi·

105 4192 220 4264 episcopi
232 4198 261 4247 61
272 4193 384 4265 capituli
396 4193 476 4249 dictae
488 4193 606 4248 ecclesiae
619 4192 718 4264 Ripon’
729 4193 792 4246 inde
804 4192 884 4246 factae
896 4191 1097 4247 racionabiliter
1108 4198 1250 4250 testantur.

160 4272 211 4324 ‘In
235 4271 320 4344 cujus,
341 4278 392 4327 616.
428 4273 507 4328 Teste
520 4273 595 4343 Rege
617 4273 689 4344 apud
711 4271 794 4328 Ebor.
815 4270 1005 4327 terciodecimo
1029 4272 1072 4327 die
1096 4272 1252 4329 Decembris

161 4429 230 4482 ‘Per
240 4431 319 4486 breve
331 4431 365 4485 (16
376 4429 481 4502 privato
492 4430 598 4501 sigillo!
