3074 5032
646 346 853 398 MEMORIALS
879 348 923 398 OF
949 346 1068 398 RIPON.

286 513 307 577 J
308 512 467 575 ohannem
482 515 568 595 quod
583 514 793 596 personaliter
809 535 914 576 coram
930 514 1024 577 nobls
1044 517 1229 594 compareat
1241 511 1434 592 ubicunque

285 608 443 672 fuerimus
458 611 494 671 in
508 624 618 672 nostra
632 610 773 687 dioecesi,
788 615 877 672 certo
891 611 945 672 die
961 631 1059 693 quem
1075 609 1116 671 ad
1132 606 1192 670 boc
1206 608 1365 670 duxeritis
1376 628 1434 669 seu

285 704 402 786 aliquis
433 711 577 767 vestrum
607 706 737 768 duxerit
767 706 1010 789 assignandum,
1035 705 1075 768 de
1105 725 1168 786 quo
1198 709 1268 765 tam
1298 702 1435 784 praefato

285 801 426 883 capitulo
451 821 548 882 quam
571 801 664 863 nobis
694 800 887 864 litteratorie
916 808 1060 864 constare
1090 799 1217 862 faciatis
1248 819 1306 861 seu
1336 797 1434 859 faciat

284 915 369 959 unus
379 903 523 959 vestrum
536 917 632 978 super
648 897 708 959 sibi
724 897 892 960 obicienda
908 919 946 961 ex
958 898 1060 960 officio
1069 896 1265 978 responsuri,
1275 915 1433 975 suamque

285 1012 381 1073 super
418 993 590 1074 praemissis
620 993 843 1055 innocenciam
873 994 902 1054 si
932 994 1054 1076 poterit
1082 991 1256 1068 ostensuri,
1287 990 1433 1071 alioquin

283 1107 342 1168 pro
370 1089 497 1150 meritis
527 1090 691 1170 recepturi
714 1089 800 1170 quod
819 1088 955 1170 justicia
975 1089 1137 1151 suadebit.
1182 1086 1309 1148 Valete.
1356 1086 1432 1147 Dat.

285 1184 371 1265 apud
388 1183 580 1247 Muulreton’
596 1183 657 1268 iiij.
674 1184 770 1246 Kal’n
779 1185 811 1246 N
812 1185 965 1264 ovembr.,
974 1186 1068 1247 Anno
1079 1184 1195 1268 graoiae
1205 1188 1278 1260 etc,
1290 1186 1324 1243 et
1339 1188 1431 1263 pont.

285 1281 387 1341 nostri
403 1280 512 1343 tercio.

108 1459 164 1522 (vo)
352 1442 499 1525 Capitulo
513 1449 622 1507 nostro
638 1443 772 1527 Rypon'‚
783 1445 933 1522 salutem,
943 1444 1095 1528 graciam,
1107 1447 1142 1504 et
1156 1440 1431 1505 benediccionem.

107 1520 236 1625 fflffffiffl·
284 1538 417 1600 Dudum
433 1539 519 1621 apud
534 1561 600 1618 vos,
616 1540 769 1602 videlicet
783 1539 836 1601 die
859 1540 960 1601 Lunae
982 1559 1071 1621 prox.
1087 1542 1161 1621 post
1181 1537 1304 1599 festum
1320 1536 1433 1598 Sancti

107 1661 245 1707 armaio„
284 1631 464 1711 Michaelis,
495 1635 588 1695 Anno
625 1637 741 1718 graciae
779 1635 898 1696 M⁰occ⁰
927 1634 1053 1716 primo,l
1087 1632 1173 1694 facta
1201 1632 1431 1693 convocacione

108 1721 251 1823 {mlum
283 1729 432 1807 fratrum,
448 1735 544 1812 prout
556 1733 654 1792 moris
666 1736 727 1808 est,
740 1731 933 1793 auctoritate
948 1730 1094 1791 mandati
1103 1729 1206 1790 nostri
1215 1727 1304 1789 vobis
1314 1727 1432 1788 directi

108 1837 228 1883 residentes
283 1825 318 1886 in
334 1830 441 1887 vestro
457 1825 598 1908 capitulo
614 1826 810 1888 visitacionis
827 1826 966 1893 officium
983 1829 1198 1900 excercentes,
1214 1824 1301 1883 inter
1316 1827 1433 1885 caetera

108 1911 234 2000 mm
283 1923 499 2003 comperimus
524 1926 604 1982 tuno
627 1920 749 1983 ibidem
771 1921 857 2003 quod
880 1921 1013 1982 ecclesia
1036 1916 1228 2001 parochialis
1251 1917 1376 2000 Rypon’
1390 1917 1431 1980 ab

108 2012 239 2128 {mam
284 2017 361 2077 olim
392 2017 427 2077 in
459 2036 513 2078 sex
541 2017 706 2097 porciones
736 2036 846 2078 curam
875 2017 1056 2076 animarum
1086 2013 1244 2077 babentes
1273 2033 1432 2075 annexam

106 2129 230 2188 efraim
283 2112 409 2173 notorie
425 2116 476 2172 est
489 2111 602 2186 divisa,
618 2112 767 2192 quodque
790 2132 915 2173 annexo
931 2130 1027 2172 onere
1049 2109 1233 2172 residenciae
1255 2109 1432 2189 personalis

108 2189 259 2291 mnf*
285 2227 340 2267 sex
366 2208 571 2268 constituunt
597 2208 787 2287 porcionarii
814 2209 848 2267 in
880 2207 1003 2284 eadem,
1028 2207 1125 2267 certis
1155 2204 1195 2266 ad
1225 2225 1432 2267 communam

101 2306 245 2409 mm
284 2302 464 2364 redditibus
479 2303 664 2381 assignatis,
680 2323 759 2385 quos
774 2323 840 2364 non
855 2303 1034 2365 residentes
1060 2301 1243 2383 percipiunt
1265 2321 1301 2361 ao
1317 2300 1344 2361 si
1359 2321 1433 2382 per-

107 2422 230 2481 ³⁹le
286 2396 438 2460 sonaliter
475 2399 664 2461 residerent.
727 2397 948 2479 Comperimus
978 2398 1080 2458 eciam
1119 2396 1250 2457 nullum
1286 2395 1431 2476 ipsorum

110 2503 220 2576 prasion
284 2492 367 2555 inibi
406 2494 556 2570 residere,
593 2514 654 2556 nec
691 2513 888 2576 quemquam
927 2512 1038 2553 eorum
1075 2496 1271 2574 perpetuum
1312 2488 1431 2553 habere

108 2568 223 2682 sstssffiff,
284 2589 449 2666 vicarium,
465 2609 524 2672 pro
544 2585 620 2666 (sic,
636 2588 685 2651 for
707 2586 786 2674 qui)
808 2609 865 2679 pro
892 2609 926 2656 se
948 2609 1058 2658 curam
1082 2593 1212 2672 gereret
1237 2586 1430 2648 animarum.

107 2705 228 2752 Non-rer.
285 2683 391 2761 Unde,
406 2705 447 2746 ne
475 2684 603 2766 culpam
629 2685 769 2746 alienam
795 2685 955 2766 propriam
980 2682 1168 2760 faceremus,
1185 2679 1431 2758 dissimulando,
1507 2724 1510 2728 »

108 2765 260 2811 ⁶⁰⁰l⁰³¹¹⁰¹¹⁸
284 2780 370 2860 quod
392 2780 487 2858 absit,
504 2786 538 2842 et
560 2781 601 2841 ad
629 2785 751 2841 statum
774 2781 924 2842 debitum
949 2780 1103 2841 reducere
1130 2779 1276 2840 volentes
1301 2797 1373 2859 quae
1395 2777 1431 2839 in

108 2825 230 2952 liidie&
284 2876 456 2956 praemissis
470 2874 698 2937 reformacione
715 2877 876 2957 praecipua
897 2876 1046 2937 novimus
1062 2874 1128 2936 fore
1151 2875 1259 2957 digna,
1275 2873 1365 2935 vobis
1389 2918 1397 2935 .
1422 2917 1430 2937 .

107 2954 194 2994 ”W
283 2968 426 3050 capitulo
441 2991 498 3050 per
513 2975 637 3037 nostras
654 2971 763 3038 literas
787 2991 866 3057 quas
890 2970 949 3032 sub
965 2971 1030 3032 dat.
1048 2969 1083 3052 iij
1100 2969 1184 3032 Non.
1202 2968 1331 3031 Octobr.
1347 2988 1433 3030 anno

283 3065 456 3148 praedicto²
494 3067 672 3148 recepistis,
702 3068 926 3128 mandavimus
956 3067 1043 3149 quod
1083 3066 1276 3134 auctoritate
1312 3069 1431 3143 nostra,

283 3181 394 3223 omnes
418 3163 632 3244 porcionarios
656 3160 843 3245 hujusmodi
866 3164 922 3250 qui
939 3183 972 3224 se
987 3167 1107 3244 gerunt
1130 3181 1189 3243 pro
1212 3160 1374 3222 canonicis
1396 3160 1431 3221 in

107 3269 158 3317 'rho
172 3285 260 3317 canons
283 3258 416 3320 ecclesia
430 3264 607 3320 memorata
621 3260 797 3324 moneretis
819 3259 966 3341 legitime
983 3263 1016 3319 et
1039 3258 1209 3322 efficaciter
1223 3257 1431 3334 induceretis,

106 3331 248 3433 {332⁸}ss
282 3355 317 3413 et
331 3353 518 3413 monuimus
533 3353 635 3414 eciam
651 3364 779 3415 nosmet
802 3355 876 3435 ipsi,
892 3359 931 3415 ut
946 3354 1009 3434 ipsi
1032 3373 1142 3422 omnes
1159 3357 1193 3414 et
1215 3351 1335 3434 singuli
1351 3353 1429 3412 citra

106 3446 235 3496 roreLent.
281 3449 561 3530 quadragesimam
584 3471 671 3530 prox.
687 3456 767 3512 tuno
791 3453 981 3528 instantem,
996 3451 1037 3512 ad
1058 3451 1266 3512 residendum
1288 3450 1324 3510 in
1350 3469 1431 3531 prae-

281 3540 349 3603 fata
365 3538 498 3604 ecclesia
513 3543 638 3626 Rypon’
653 3547 864 3626 personaliter
888 3568 922 3609 se
937 3552 1087 3628 aptarent
1103 3547 1162 3607 sub
1177 3545 1430 3606 comminacione

281 3639 433 3703 canonica
448 3639 551 3701 literis
567 3641 645 3723 ipsis
661 3643 792 3705 inserta.
839 3645 883 3704 Et
898 3643 975 3704 licet
991 3642 1195 3724 postmodum
1211 3661 1268 3723 per
1284 3645 1429 3702 vestrum

281 3733 543 3796 certificatorium
565 3737 650 3818 quod
676 3758 776 3819 penes
800 3759 859 3800 nos
882 3739 1014 3815 residet,
1031 3744 1065 3802 et
1086 3738 1164 3802 alias
1186 3737 1311 3799 notorie
1336 3737 1430 3799 nobis

105 3847 155 3894 But
165 3851 208 3894 not
280 3835 456 3908 constaret,
471 3832 557 3912 quod
573 3832 683 3895 nullus
699 3835 833 3915 penitus
849 3835 1012 3896 dictorum
1029 3855 1084 3895 sex
1098 3833 1370 3915 porcionariorum
1395 3853 1429 3894 se

104 3920 149 3952 ⁰¹¹⁸
159 3921 225 3953 ΜΘ
282 3927 363 3987 citra
378 3931 508 4008 tempus
522 3929 716 4009 praedictum
731 3928 783 3991 vel
798 3927 956 3990 hactenus
965 3931 1006 3991 ad
1022 3928 1230 3990 residendum
1246 3948 1279 3989 se
1294 3930 1429 4010 aptavit,

105 3979 160 4011 save
171 3965 249 4024 Roget

104 4023 200 4128 {ffb
231 4087 239 4130 t
280 4023 344 4084 nisi
360 4023 511 4084 dominus
527 4024 673 4106 Rogerus
690 4025 814 4107 Svayn,
830 4026 962 4107 quinon
978 4032 1028 4086 est
1037 4025 1077 4086 de
1093 4044 1229 4086 numero
1242 4025 1429 4104 eorundem,

104 4097 234 4210 qneodltbi
281 4123 331 4179 set
347 4118 417 4200 ejus
432 4121 540 4202 porcio
556 4121 596 4182 de
607 4142 689 4183 novo
699 4126 817 4199 creata,
827 4127 916 4183 extra
931 4122 1097 4203 praefatam
1108 4120 1277 4182 ecclesiam
1293 4119 1429 4202 Rypon‘,

103 4213 143 4244 ⁸¹³
153 4213 206 4257 W·
278 4212 314 4272 in
337 4214 470 4276 ecclesia
492 4214 664 4298 parochiali
681 4217 721 4279 de
738 4217 964 4300 Stainwigges,
980 4237 1105 4278 annexo
1120 4237 1217 4278 onere
1233 4217 1427 4298 supradicto,

103 4263 200 4305 conas.
277 4309 437 4386 consistit,
454 4315 488 4371 et
514 4312 601 4392 quod
617 4312 657 4373 ob
682 4333 793 4375 eorum
816 4333 882 4374 non
904 4312 1130 4390 residenciam,
1146 4312 1251 4374 multa
1272 4311 1370 4374 utilia
1392 4313 1426 4374 in

432 4442 475 4510 (1)
495 4442 545 4497 See
557 4442 649 4511 above,
661 4463 686 4517 p.
700 4447 742 4505 31.
958 4447 1001 4515 (2)
1022 4446 1073 4501 See
1086 4445 1180 4515 above,
1193 4463 1218 4518 p.
1232 4445 1276 4500 31.
