3074 5032
651 317 860 372 Mancellus
886 320 930 370 OF
957 319 1076 370 RIPON.

291 491 325 552 id
341 490 475 551 minime
492 489 596 551 facere
612 488 767 565 debeatis,
782 464 874 548 nobis
896 487 981 548 infra
1004 486 1152 548 triduum
1166 483 1238 569 (vos
1254 483 1421 570 volumus)
1431 487 1451 523 ¹=

294 586 468 667 assignare.
521 585 646 647 Valete.
692 585 766 645 Dat.
792 584 878 664 apud
904 582 1099 659 Munketon,
1119 603 1140 644 v
1160 583 1212 644 die
1236 582 1442 658 Novembris

240 752 243 757 Α
293 680 500 762 pontificatus
526 682 629 742 nostri
644 699 728 741 anno
743 683 867 761 quarto.

121 881 192 942 (408)
362 862 558 937 Willelmus,
565 867 640 938 etc,
652 860 780 921 dilectis
790 858 866 920 filiis
876 858 1018 939 capitulo
1030 857 1173 918 ecclesiae
1181 860 1300 918 nostrae
1309 855 1447 938 Rypon’,

120 953 232 1045 fgssml.
298 959 447 1036 salutem,
463 959 616 1041 graciam,
639 961 674 1018 et
688 955 961 1018 benediccionem.
1007 952 1088 1015 Cum
1103 973 1214 1015 omnes
1228 952 1447 1036 infringentes

122 1057 227 1104 rouro.
297 1056 466 1117 libertates
489 1053 730 1128 ecclesiasticas,
745 1055 778 1112 et
794 1051 953 1131 praecipue
974 1049 1140 1110 libertates
1163 1049 1305 1110 ecclesiae
1328 1054 1446 1111 nostrae

121 1141 262 1244 sslffln'
299 1149 434 1232 Rypon’,
460 1150 616 1213 dedicatae
639 1148 675 1208 in
700 1147 908 1208 veneracione
933 1145 1127 1206 sanctissimi
1151 1143 1338 1206 confessoris
1362 1144 1446 1204 Wil-

39 1265 41 1270 ·
122 1256 233 1303 omnesin
299 1247 386 1322 fridi,
403 1244 495 1328 cujus
511 1244 675 1305 recolendi
698 1243 835 1323 corporis
857 1241 1002 1322 reliquiae
1017 1240 1244 1303 venerabiliter
1263 1241 1447 1302 conduntur

120 1329 249 1420 {ffississ
299 1344 335 1404 in
358 1342 438 1422 ipsa,
464 1340 656 1402 auctoritate
680 1337 954 1399 constitucionum
978 1335 1148 1398 Ottobonis
1163 1336 1265 1418 legati
1287 1341 1323 1398 et
1345 1356 1448 1397 sacro·

125 1431 241 1490 ⁶⁰²0⁸⁹¹⁴5
302 1441 421 1500 sanctae
448 1435 561 1516 synodi
585 1439 703 1495 nostrae
727 1433 822 1494 Ebor.
849 1430 980 1513 majoris
1005 1432 1347 1493 excommunicacionis
1374 1452 1447 1493 sen-

120 1505 220 1608 fflss
227 1547 263 1591 in·
301 1533 408 1594 tencia
422 1531 541 1613 ligatos
556 1534 668 1592 teneat
681 1530 752 1610 ipso
766 1527 861 1604 facto,
877 1549 913 1589 ac
932 1548 990 1588 nos
1005 1527 1091 1588 fama
1105 1527 1236 1608 publica
1250 1527 1449 1588 intellexeri-

119 1609 251 1711 ggpemnr,
301 1648 374 1689 mus
397 1627 569 1702 referente,
593 1624 679 1706 quod
702 1624 835 1705 quidam
852 1623 1065 1705 dampnabilis
1087 1624 1280 1704 perdicionis
1296 1622 1365 1700 filii,
1382 1643 1448 1684 suae

302 1723 416 1785 salutis
430 1724 647 1799 immemoreS,
663 1724 697 1782 et
712 1720 819 1781 Deum
834 1739 900 1799 prae
920 1719 1021 1780 oculis
1043 1739 1109 1780 non
1128 1718 1296 1796 habentes,
1311 1739 1449 1799 quorum

301 1819 434 1880 nomina
463 1819 663 1900 ignorantur,
699 1834 833 1896 parcum
870 1820 1017 1875 nostrum
1055 1813 1180 1896 Rypon’
1209 1815 1334 1876 notorie
1364 1813 1450 1874 infra

300 1914 486 1975 libertatem
515 1914 612 1974 dictae
646 1915 764 1973 nostrae
798 1909 923 1992 Rypon'
953 1911 1094 1971 ecclesiae
1124 1912 1316 1972 existentem
1345 1929 1450 1990 nuper
1520 1942 1526 1952 κ

301 2009 446 2092 maligne
463 2009 634 2083 intrantes,
651 2011 685 2067 et
700 2005 916 2083 libertatibus,
932 2006 1121 2089 privilegiis
1137 2011 1171 2067 et
1185 2006 1449 2067 immunitatibus

302 2124 360 2184 per
390 2103 551 2184 principes
581 2099 773 2176 Catholicos,
800 2120 892 2183 reges
924 2101 1062 2184 Angliae,
1088 2102 1184 2163 dictis
1210 2102 1383 2164 confessori
1412 2121 1449 2162 ac

305 2198 448 2259 ecclesiae
462 2198 516 2278 pie
532 2197 700 2272 concessis
709 2216 744 2256 ac
756 2215 775 2256 a
788 2197 905 2256 sanctis
919 2197 1066 2279 patribus
1077 2196 1232 2258 Romanis
1243 2196 1450 2278 pontificibus

305 2292 510 2369 confirmatis
526 2291 662 2352 minime
677 2289 876 2368 deferenteS,
886 2290 967 2352 feras
983 2291 1102 2355 bestias
1118 2297 1152 2353 et
1166 2292 1244 2354 alias
1259 2313 1310 2354 res
1326 2297 1450 2353 nostras

304 2390 340 2449 in
356 2389 469 2450 eodem
484 2407 577 2468 parco
599 2391 708 2446 nostro
730 2386 879 2446 inventas
902 2391 1013 2447 contra
1034 2387 1235 2448 voluntatem
1257 2393 1400 2450 nostram
1416 2392 1451 2449 et

304 2503 415 2545 eorum
438 2502 516 2565 quos
539 2501 650 2543 earum
671 2480 825 2543 custodiae
849 2481 1087 2562 deputavimus,
1109 2489 1276 2564 ceperunt,
1302 2484 1450 2544 destrux·

305 2584 413 2657 erunt,
438 2584 471 2640 et
496 2579 685 2640 continuata
716 2597 774 2637 sua
802 2576 932 2638 malicia
961 2578 1174 2657 abduxerunt,
1204 2581 1240 2640 in
1269 2580 1451 2641 animarum

305 2695 436 2737 suarum
450 2674 642 2755 periculum,
658 2672 879 2734 ecclesiasticae
894 2672 1054 2735 libertatis
1077 2675 1310 2756 praejudicium,
1325 2676 1450 2756 Deique

304 2792 341 2832 ac
366 2769 558 2830 sanctissimi
573 2767 761 2830 confessoris
776 2765 900 2847 praefati
915 2772 949 2829 et
964 2771 1076 2848 nostri,
1085 2790 1210 2832 necnon
1225 2771 1321 2833 dictae
1332 2776 1450 2834 nostrae

305 2865 457 2942 ecclesiae,
467 2870 690 2946 contemptum
706 2867 740 2925 et
747 2863 970 2946 praejudicium
982 2885 1138 2949 magnum
1150 2887 1311 2950 graveque
1320 2868 1450 2948 dispen-

305 2962 396 3023 dium
413 2966 447 3022 et
463 2960 648 3022 scandalum
666 2959 891 3041 plurimorum,
906 2964 1036 3041 propter
1058 2963 1144 3042 quod
1167 2982 1232 3023 non
1248 2968 1298 3024 est
1312 2962 1449 3025 dubium

305 3076 416 3118 omnes
447 3062 481 3118 et
511 3057 655 3140 singulos
682 3058 927 3136 praesumptores
953 3056 1083 3117 eosdem
1113 3059 1149 3119 in
1174 3058 1295 3119 dictam
1320 3057 1449 3138 majoris

306 3152 649 3213 excommunicacionis
674 3152 873 3213 sentenciam
895 3151 1144 3232 dampnabiliter
1170 3152 1333 3229 incidisse,
1359 3152 1449 3214 vobis

306 3249 511 3326 mandamus,
523 3247 659 3308 firmiter
673 3247 884 3328 injungentes
900 3247 1053 3326 quat-inus
1064 3249 1100 3308 in
1111 3249 1198 3309 dicta
1212 3253 1322 3310 nostra
1335 3247 1452 3328 Ripon'

306 3344 452 3413 ecclesia,
466 3342 641 3422 assumptis
660 3341 810 3403 omnibus
825 3341 953 3402 vicariis
977 3345 1011 3402 et
1033 3343 1219 3421 presbiteris
1234 3343 1353 3404 Divina
1368 3342 1452 3403 cele-

306 3437 474 3500 brantibus
489 3437 525 3496 in
541 3436 667 3511 eadem,
683 3435 819 3516 singulis
841 3436 956 3497 diebus
971 3436 1149 3499 Dominicis
1165 3443 1199 3500 et
1213 3438 1350 3516 festivis,
1364 3439 1452 3498 intra

307 3533 479 3592 missarum
496 3530 684 3610 solempnia,
702 3531 830 3609 quando
852 3530 954 3612 major
976 3530 1113 3594 adhaerit
1135 3534 1247 3614 populi
1261 3533 1451 3608 multitudo,

308 3626 477 3707 praedictos
504 3624 564 3686 Dei
590 3629 625 3686 et
648 3624 789 3685 ecclesiae
815 3625 1022 3705 adversarios,
1046 3649 1221 3710 eorumque
1245 3633 1392 3690 auctores
1417 3633 1452 3690 et

307 3722 466 3783 sanctores
484 3719 639 3801 singulos,
661 3719 834 3781 consilium
855 3722 1053 3784 auxilinmve
1076 3724 1112 3784 in
1129 3723 1194 3785 hac
1216 3729 1306 3804 parte
1321 3723 1451 3805 publice

307 3817 360 3878 vel
383 3816 509 3877 occulte
530 3812 722 3896 praebentes,
737 3817 901 3896 campanis
924 3817 1059 3897 pulsatis
1082 3823 1115 3879 et
1137 3820 1278 3880 accensis
1300 3819 1452 3896 candelis,

308 3911 601 3974 excommunicatos
636 3911 670 3971 in
700 3929 820 3992 genere
850 3911 1055 3974 denuncietis
1092 3919 1128 3976 et
1164 3914 1290 3976 faciatis
1322 3914 1452 3994 publice

307 4008 464 4083 nunciari,
480 4026 597 4086 eosque
612 4025 632 4066 a
646 4006 871 4066 communione
894 4006 1040 4068 fidelium
1062 4029 1120 4089 per
1139 4029 1308 4071 censuram
1324 4010 1453 4071 ecclesi-

307 4105 440 4166 asticam
461 4102 588 4163 tamdiu
609 4101 700 4162 reddi
723 4101 855 4179 alienos,
878 4102 980 4163 donec
1002 4103 1071 4164 Deo
1093 4108 1127 4166 et
1149 4105 1303 4183 ecclesiae,
1318 4125 1454 4186 quorum

308 4198 548 4260 immunitatem
563 4199 599 4258 in
613 4195 673 4258 hac
694 4202 785 4278 parte
808 4198 1113 4279 contempnabiliter
1127 4200 1344 4278 offenderunt,
1360 4221 1455 4282 super

308 4298 377 4354 tam
404 4291 588 4378 (s)celerat0
610 4299 812 4376 transgressu
839 4293 1054 4356 satisfecerint
1083 4301 1325 4377 competentem
1360 4316 1456 4377 super

789 4419 832 4489 (l)
852 4418 1008 4474 Interlined.
