3074 5032
266 347 437 400 EXTRACTS
462 344 560 399 FROM
586 347 683 399 YORK
710 344 923 412 aaslsrass3
950 348 1104 400 MELTON.
1387 320 1433 402 89

107 536 221 578 eorum
235 514 421 576 nominibus
443 516 647 596 inquirentes
669 512 902 578 nichilominus
923 516 1112 599 diligenter,
1127 521 1162 578 et
1177 537 1258 598 quos
1348 564 1350 566 -

39 674 43 680 ,
108 612 174 672 rite
189 615 316 672 notatos
339 612 530 673 inveneritis
553 613 589 671 in
611 613 784 692 praemissis
807 613 917 674 citetis
942 613 1156 694 peremptorie
1171 613 1259 693 quod

108 712 318 787 compareant
348 727 454 768 coram
484 706 577 767 nobis
608 711 696 768 certo
725 707 791 784 die,
819 728 917 788 quem
942 708 983 768 ad
1008 706 1070 769 hoc
1099 708 1259 770 duxeritis
1361 696 1366 703 ’

107 803 330 878 statuendum,
346 801 531 882 ubicunque
546 806 627 879 tunc
649 801 808 863 fuerimus
829 804 864 863 in
879 807 989 865 nostra
1005 803 1147 880 dioecesi,
1164 824 1260 884 super

107 903 201 959 tanto
222 918 395 980 progressu
417 899 611 977 responsuri,
635 897 752 958 facturi
777 899 915 961 ulterius
938 904 974 960 et
995 899 1158 980 recepturi
1174 900 1260 980 quod

103 992 239 1075 justicia
266 993 432 1067 suadebit3
463 1013 521 1053 nos
552 1013 648 1073 super
678 993 768 1054 omni
798 1014 836 1054 eo
863 995 949 1074 quod
972 993 1115 1055 feceritis
1146 999 1180 1055 et
1209 996 1261 1055 in-

108 1090 263 1150 veneritis
279 1089 323 1161 in
346 1089 519 1169 praemissis
543 1093 700 1169 oportune
726 1093 761 1149 et
784 1089 938 1150 distincte
963 1090 1178 1151 certificantes
1200 1110 1259 1171 per

109 1188 231 1246 vestras
260 1188 411 1264 patentes
437 1183 560 1261 literas,
584 1182 700 1245 harum
725 1185 840 1245 seriem
865 1186 1080 1247 continentes.
1133 1185 1259 1247 Valete.

109 1281 185 1341 Dat.
222 1280 310 1360 apud
350 1279 486 1361 Rypon',
521 1286 555 1339 x⁰
586 1280 692 1341 Kal'n.
735 1281 862 1358 Marcii,
893 1281 987 1343 Anno
1024 1282 1139 1364 graciae
1174 1282 1260 1342 mill⁰

109 1381 201 1437 eccmo
216 1377 376 1452 vicesima,
393 1381 427 1436 et
441 1376 650 1456 pontificatus
665 1377 767 1437 nostri
781 1381 905 1456 quarto.

176 1471 427 1532 Memorandum
443 1471 528 1552 quod
545 1471 604 1532 sub
616 1471 727 1550 eadem
741 1470 844 1533 forma
860 1478 1052 1534 emanarunt
1067 1473 1191 1534 eisdem
1203 1473 1257 1535 die

110 1572 144 1628 et
159 1567 228 1628 loco
243 1567 427 1628 consimiles
443 1567 545 1627 literae
561 1566 681 1627 decano
702 1567 836 1647 Rypon’,
852 1587 888 1627 ac
903 1565 1134 1629 Archidiacono
1149 1566 1260 1650 Ryoh'.

110 1663 164 1725 vel
180 1662 251 1744 ejus
267 1663 406 1739 officiali,
419 1665 459 1723 ad
475 1662 739 1724 denunciandum
754 1663 856 1723 dictos
871 1667 1119 1744 praesumptores
1133 1685 1261 1725 excom-

111 1760 293 1820 municatos
303 1760 338 1819 in
350 1778 469 1841 genere
481 1759 516 1819 in
528 1758 665 1840 singulis
675 1757 818 1819 ecclesiis
830 1758 1047 1819 decanatuum
1058 1759 1260 1842 Pontiburg’,

114 1854 250 1930 Cateriz,
266 1859 300 1916 et
316 1851 481 1934 Rychem’.

178 1999 373 2076 Willelmus,
401 2002 473 2074 etc,
497 1998 623 2060 dilectis
653 1997 728 2058 filiis
758 1997 901 2077 capitulo
931 1997 1047 2080 Rypon
1076 1999 1128 2060 vel
1157 1999 1259 2081 ipsius
1285 2007 1341 2067 (76)

57 2178 59 2182 Α
111 2095 246 2175 capituli
272 2094 379 2156 locum
409 2095 547 2170 tenenti,
572 2092 720 2170 salutem,
745 2095 894 2175 graciam,
926 2099 960 2156 et
985 2095 1260 2158 benediccionem.
1284 2078 1395 2172 ῗὲῐᾷξιιι,

111 2191 274 2252 Accedens
289 2191 330 2250 ad
345 2210 403 2250 nos
415 2190 554 2250 dilectus
569 2190 605 2249 in
621 2188 748 2251 Christo
763 2189 860 2266 filius,
876 2191 925 2251 vir
939 2210 1066 2273 magnae
1081 2192 1259 2275 religionis,
1284 2183 1348 2278 lej
1359 2185 1394 2229 ¹⁰·

110 2286 210 2348 frater
223 2285 384 2349 Robertus
400 2285 439 2346 de
456 2285 590 2367 Rypon',
606 2284 645 2345 de
662 2285 773 2346 ordine
794 2286 1048 2366 praedicatorum,
1063 2287 1105 2348 ad
1126 2288 1259 2349 verbum
1288 2265 1429 2384 ,Cgffllssm

111 2383 173 2443 Dei
194 2381 433 2462 praedicandum
448 2389 481 2442 et
496 2381 537 2442 ad
553 2381 766 2442 confessiones
789 2381 935 2442 fidelium
950 2382 1149 2444 audiendum
1167 2384 1260 2446 nobis
1278 2384 1360 2485 {ff
1396 2443 1423 2487 de

110 2481 213 2558 nuper
233 2481 461 2558 praesentatus,
483 2480 515 2538 et
539 2496 596 2557 per
619 2496 677 2537 nos
708 2477 744 2537 in
767 2475 869 2537 forma
893 2479 1137 2539 constitucionis
1165 2499 1261 2560 super
1285 2448 1384 2559 affl

110 2571 170 2634 hoc
195 2574 290 2634 editas
316 2573 522 2652 approbatus,
555 2571 647 2633 nobis
678 2573 768 2653 gravi
798 2574 1027 2653 conquestione
1056 2576 1259 2652 monstravit,

110 2669 196 2749 quod
223 2668 356 2749 quidam
389 2667 532 2728 Andreas
556 2667 596 2728 de
621 2667 776 2748 Kirkeby,
800 2667 938 2729 vicarius
961 2669 1121 2749 praedictae
1144 2674 1260 2731 nostrae
1285 2679 1417 2750 Aurosch-

111 2763 236 2845 Rypon'
250 2764 401 2840 ecclesiae,
426 2763 566 2824 eundem
588 2762 721 2824 fratrem
746 2763 780 2822 in
805 2763 995 2824 ministeriis
1020 2767 1154 2825 actuum
1180 2785 1262 2846 prac-
1285 2739 1416 2854 ffiffi„
1510 2797 1512 2806 ν

111 2859 270 2920 dictorum
286 2858 448 2919 maliciose
461 2862 495 2918 et
509 2863 632 2919 temere
644 2858 827 2938 impedivit,
839 2858 964 2919 diversa
973 2858 1098 2939 probra,
1107 2861 1261 2938 convicia,
1285 2856 1312 2958 gf
1320 2856 1410 2958 abripiat

110 2958 145 3014 et
168 2953 314 3015 scandala
336 2953 416 3015 falso
432 2957 466 3014 et
489 2952 617 3034 publice
632 2954 801 3033 imponens
816 2953 932 3030 eidem,
947 2959 1043 3034 prout
1058 2955 1147 3017 vobis
1162 2955 1260 3016 fidem
1285 2928 1329 3041 iqrg
1339 2927 1426 3017 ilaei

111 3069 206 3130 super
235 3047 298 3110 hiis
328 3049 424 3110 faciet
453 3048 636 3110 luculenter
664 3053 703 3109 ut
733 3048 823 3124 dicit,
856 3067 950 3128 super
973 3048 1091 3129 quibus
1121 3070 1141 3111 a
1166 3051 1260 3112 nobis
1284 3031 1408 3135 ppwoqk,

108 3142 278 3205 humiliter
300 3145 397 3224 petiit
412 3144 498 3224 quod
516 3145 680 3225 praemissa
694 3143 869 3205 faceremus
885 3143 1002 3225 corrigi
1024 3148 1121 3225 prout
1136 3144 1178 3205 ad
1202 3165 1259 3207 nos

109 3241 231 3300 attinet
252 3242 288 3300 in
310 3239 370 3301 hoc
394 3261 480 3302 casu.
538 3240 691 3313 Quocirca
719 3239 863 3300 volentes
888 3237 949 3299 tali
971 3239 1081 3300 morbo
1106 3232 1260 3320 pestifero

109 3355 285 3416 congruam
311 3333 463 3396 adhibere
490 3335 650 3397 medelam
673 3355 709 3395 ac
740 3333 874 3395 cuilibet
904 3330 1054 3396 exhibere
1079 3332 1260 3415 justiciam,

110 3434 156 3507 et,
171 3435 209 3490 ut
224 3433 385 3508 tenemur,
402 3430 544 3513 singulos
567 3431 603 3490 in
627 3450 684 3491 sua
702 3428 835 3511 justicia
858 3429 1036 3504 confovere,
1052 3429 1142 3493 vobis
1166 3451 1259 3492 man·

110 3525 236 3601 damus,
251 3525 387 3586 firmiter
409 3525 630 3607 injungentes,
654 3530 825 3606 quatenus,
840 3525 995 3606 praedicto
1009 3525 1138 3586 Andrca
1152 3547 1258 3588 coram

112 3620 200 3682 vobis
230 3626 352 3697 vocato,
376 3625 409 3682 et
439 3621 550 3682 audita
580 3620 711 3701 querela
733 3625 922 3699 memorata,
947 3621 1074 3683 faciatis
1098 3627 1196 3704 prout
1217 3622 1258 3683 ad
1283 3651 1416 3708 Thechap-

112 3736 167 3777 vos
190 3717 332 3796 pertinet
351 3720 385 3777 et
402 3717 556 3778 instituta
578 3717 729 3777 canonica
750 3716 870 3777 ducant
892 3718 927 3777 in
942 3715 1003 3778 hac
1023 3722 1124 3798 parte,
1147 3719 1258 3780 celeris
1283 3712 1407 3814 {31:¹33

107 3810 250 3893 justiciae
287 3811 573 3892 complementum,
602 3811 758 3892 alioquin,
787 3812 823 3871 in
853 3813 954 3873 vestri
984 3812 1160 3891 defectum,
1186 3812 1259 3895 jus·
1283 3827 1435 3872 themata.

110 3907 223 3967 ticiam
252 3907 287 3967 in
317 3905 378 3968 hoc
401 3927 477 3968 casu
499 3908 568 3968 sine
592 3926 688 3967 morae
711 3907 879 3987 dispendio
902 3906 1070 3986 faciemus,
1103 3912 1137 3968 et
1161 3908 1258 3968 certi-

110 4000 213 4062 ficetis
235 4021 293 4063 nos
316 4022 412 4083 super
433 4003 600 4084 praesentis
615 4001 761 4062 mandati
783 4002 886 4063 nostri
909 4003 1111 4079 execucione,
1127 4007 1160 4063 et
1181 4002 1259 4082 quid

110 4089 250 4158 feceritis
276 4101 310 4158 et
336 4098 525 4159 inveneritis
551 4099 587 4158 in
610 4097 792 4178 praemissis
823 4117 897 4158 cum
928 4117 967 4158 ex
992 4102 1084 4178 parte
1113 4097 1260 4178 praedicti

110 4191 218 4254 fratris
241 4192 376 4256 Roberti
399 4193 526 4254 fueritis
541 4192 699 4274 requisiti.
753 4192 879 4252 Valete.
933 4192 1007 4253 Dat.
1034 4192 1120 4272 apud
1143 4191 1261 4274 Thorp'

110 4309 209 4370 prope
224 4289 332 4365 Ebor,
347 4287 378 4371 vj
396 4290 446 4351 Id.
461 4289 586 4366 Marcii,
601 4291 691 4369 pont.
707 4288 808 4348 nostri
824 4306 908 4370 anno
922 4292 1046 4368 quarto.

179 4432 375 4511 willelmus,
386 4439 459 4510 etc,
469 4433 588 4494 dilecto
600 4431 692 4495 nobis
703 4432 738 4492 in
749 4429 875 4493 Christo
887 4431 908 4493 J
909 4429 1029 4494 charmi
1038 4432 1069 4495 le
1078 4432 1258 4514 Warrener,
1285 4443 1343 4505 (408
1354 4445 1389 4504 ι.)
