3074 5032
234 324 408 377 1111111616
434 324 531 376 saon
556 325 653 377 rorur
678 323 889 390 susurnam
924 322 1134 377 corrumpor.
1381 306 1428 379 33

177 493 327 572 Thomas,
343 493 406 555 Dei
421 494 537 576 gracia,
553 499 616 556 etc.
632 493 751 555 dilecto
766 493 801 554 in
817 491 945 555 Christo
967 492 1034 554 filio
1048 492 1189 554 Patricio
1213 491 1254 553 de
1280 500 1321 562 (91
1330 501 1364 561 v.)

107 589 302 666 Brafferton,
319 589 468 666 salutem,
484 590 635 672 graciam,
651 594 686 651 et
706 588 980 651 benediccionem.
1025 589 1073 650 De
1096 593 1153 650 tua
1175 586 1254 649 fide·
1279 561 1410 668 33qu

107 688 203 749 litate
220 688 344 748 sincera
363 690 397 747 et
415 685 494 764 zelo,
509 706 607 767 quem
628 685 669 747 ad
685 683 806 748 Christi
820 705 977 766 pauperes
992 683 1111 746 habere
1126 683 1254 760 diceris,
1283 703 1383 749 colace

108 784 321 859 confidentes,
345 783 525 844 custodiam
555 780 724 863 hospitalis
756 780 881 842 Sanctae
911 782 1023 842 Mariae
1053 780 1255 862 Magdalenae
1280 762 1398 867 'filfflf‘

110 880 228 962 Ripon’
242 879 387 942 vacantis
403 899 477 939 cum
493 878 643 939 omnibus
660 878 726 938 suis
742 876 953 957 pertinenciis
969 881 1027 938 tuo
1042 877 1255 957 optinendam
1280 881 1368 925 Marsa

109 982 266 1059 perpetuo
289 975 351 1036 tibi
375 973 569 1035 conferimus
589 974 716 1034 intuitu
739 973 893 1050 caritatis,
909 973 1036 1053 proviso
1051 973 1137 1053 quod
1159 992 1257 1033 onera
1280 939 1428 1058 {mm

110 1073 219 1134 eidem
242 1070 395 1152 hospitali
416 1069 643 1132 incumbencia
656 1069 797 1150 leprosos
820 1069 981 1130 libertatis
998 1068 1114 1150 Ripon’
1130 1074 1257 1131 susten·
1282 1081 1409 1152 Leperpor

110 1169 221 1244 tando,
237 1166 418 1248 hospicium
437 1168 484 1228 eis
504 1166 711 1248 providendo,
727 1170 762 1226 et
786 1165 864 1226 alios
887 1185 1045 1247 pauperes
1063 1165 1257 1246 adjuvando,
1281 1141 1435 1259 sslfffflll

104 1265 292 1326 secundum
318 1262 489 1324 facultates
514 1261 662 1344 ejusdem
690 1262 814 1338 subeaS,
844 1260 1048 1322 voluntatem
1077 1259 1258 1323 fundatoris

110 1381 169 1442 pro
178 1360 302 1422 viribus
311 1358 534 1440 prosequendo
543 1379 552 1433 3
576 1357 724 1419 volumus
740 1362 851 1418 autern
866 1357 951 1438 quod
964 1358 1072 1438 ipsum
1088 1356 1259 1439 hospitale,

111 1478 188 1518 cum
212 1456 345 1517 cesseris
367 1455 419 1516 vel
442 1455 624 1531 decesseris,
647 1453 683 1514 in
701 1452 784 1514 bono
811 1458 900 1514 statu
923 1453 1080 1529 dimittas,
1104 1453 1151 1514 ita
1174 1455 1259 1535 quod

111 1555 182 1634 ipsa
197 1552 312 1613 domus
328 1571 385 1632 per
407 1555 441 1612 16
463 1550 632 1611 meliorata
650 1553 804 1630 appareat
820 1549 999 1610 evidenter.
1044 1549 1138 1612 Vale.
1183 1551 1260 1611 Dat.

112 1649 199 1731 apud
213 1646 337 1725 Cawod,
348 1668 369 1709 v
379 1645 484 1708 Kal’n.
500 1646 531 1707 N
533 1646 674 1707 ovembr.
690 1646 784 1706 Anno
799 1646 913 1728 graciae
929 1645 980 1706 Μ0
995 1652 1063 1707 ccc⁰
1074 1646 1116 1728 j⁰,
1126 1650 1159 1707 et
1170 1650 1260 1728 pont.

113 1744 217 1806 nostri
233 1743 282 1826 ij0.

182 1889 248 1952 Suo
272 1935 280 1951 .
306 1934 314 1950 .
337 1888 456 1951 ballivo
471 1886 598 1970 Ripon',
615 1888 765 1965 salutern,
777 1887 930 1970 graciam,
940 1891 973 1949 et
984 1887 1259 1950 benediccionem.
1288 1894 1328 1953 (91
1340 1893 1376 1954 v.)

115 1987 198 2059 Quia
222 1985 342 2047 dilecto
365 1987 400 2046 in
417 1983 543 2047 Christo
566 1984 633 2046 filio
649 1981 789 2045 Patricio
811 1984 852 2045 de
876 1984 1058 2045 Brafferton
1081 1984 1261 2045 custodiam
1286 1954 1415 2060 331191·

114 2081 286 2164 hospitalis
302 2081 411 2142 Beatae
426 2081 538 2142 Mariae
553 2080 756 2162 Magdalenae
772 2075 887 2160 Ripon’
903 2080 1047 2141 vacantis
1062 2082 1136 2141 cum
1155 2081 1260 2142 omni·
1287 2096 1371 2142 Latera

114 2176 176 2239 bus
208 2178 276 2238 suis
306 2177 514 2257 pertinenciis
545 2197 602 2237 suo
631 2175 841 2237 obtinendam
872 2180 1030 2256 perpetuo
1060 2175 1259 2239 contulimus
1285 2155 1379 2273 didi?

114 2274 242 2334 intuitu
265 2273 420 2348 caritatis,
435 2271 496 2333 tibi
513 2273 703 2333 mandamus
719 2271 872 2353 quatinus
888 2269 997 2353 ipsum
1013 2272 1046 2332 in
1062 2274 1260 2354 corporalem
1287 2275 1319 2318 ad
1328 2274 1396 2318 indu-

115 2370 351 2452 possessionem
381 2367 528 2449 ejusdem
557 2365 726 2448 hospitalis
756 2367 900 2427 inducas.
960 2365 1120 2428 Volumus
1159 2368 1260 2429 eciam
1286 2334 1397 2451 md„

116 2465 202 2547 quod
226 2466 314 2527 idern
330 2464 489 2525 Patricius
505 2462 663 2544 hospitale
687 2463 797 2526 Sancti
812 2461 971 2524 Johannis
994 2462 1111 2544 Ripon’
1125 2465 1160 2526 in
1175 2465 1260 2526 bono
1287 2453 1371 2495 auem.

117 2565 206 2621 statu
236 2559 408 2635 custodiat,
438 2578 604 2641 quousque
641 2558 730 2619 aliud
760 2578 779 2619 a
808 2557 901 2618 nobis
940 2578 1036 2638 super
1073 2558 1133 2620 hoc
1171 2560 1261 2622 aliud

116 2655 268 2718 habuerit
305 2657 340 2716 in
374 2656 544 2716 mandatis.
590 2654 681 2716 Vale.
727 2655 801 2715 Dat.
826 2653 912 2734 apud
940 2652 1063 2731 Cawod,
1087 2656 1131 2717 Va
1155 2656 1262 2720 Kal’n.

116 2752 292 2814 Novembr.
326 2758 417 2833 pont.
456 2751 559 2813 nostri
596 2772 681 2812 anno
718 2751 768 2832 ij0.
823 2751 868 2810 Et
896 2752 1144 2813 memorandum
1174 2755 1260 2834 quod

116 2849 267 2910 dominus
284 2848 444 2910 Robertus
460 2849 501 2910 (16
524 2845 725 2930 Notingham
749 2847 784 2907 in
808 2846 982 2907 collacione
1006 2847 1070 2908 ista
1091 2847 1156 2911 fuit
1175 2852 1262 2930 apud

117 2945 213 3006 Ebor.

183 3086 334 3166 ThomaS,
354 3088 415 3150 Dei
437 3090 556 3170 gracia,
577 3094 639 3150 etc.
663 3088 790 3150 dilectis
814 3089 849 3150 in
873 3087 999 3151 Christo
1021 3090 1098 3150 filiis
1121 3092 1263 3172 capitulo
1290 3103 1347 3164 (68)

116 3190 228 3245 nostro
252 3185 358 3266 Ripon
385 3185 436 3246 vel
461 3206 572 3246 eorum
596 3185 703 3247 locum
725 3186 864 3263 tenenti,
888 3190 922 3246 61
946 3231 955 3247 .
979 3231 987 3247 .
1011 3185 1132 3247 decano
1154 3194 1263 3252 nostro
1289 3165 1419 3270 {2¹³OE

117 3281 235 3362 Ripon,
251 3281 302 3341 vel
327 3279 398 3362 ejus
418 3280 525 3342 locum
548 3282 687 3358 tenenti,
705 3281 854 3356 salutem,
877 3281 1030 3363 graciam,
1054 3286 1088 3342 et
1110 3281 1262 3346 benedic·
1293 3306 1381 3351 cameto

116 3377 255 3438 cionem.
302 3374 417 3438 Citetis
441 3377 656 3458 peremptorie
681 3376 854 3457 separatim
881 3376 1076 3456 subscriptos
1103 3384 1262 3459 quatenus
1289 3379 1426 3468 ⁸2222⁰⁰W

113 3472 359 3555 jurisdicciones
379 3476 501 3532 vestras
525 3473 653 3534 divisim
675 3473 883 3554 contingunt,
898 3471 1051 3533 videlicet
1066 3472 1262 3538 Nicholaum
1285 3440 1417 3560 'liberulis
1475 3521 1477 3527 .

117 3567 159 3629 (16
184 3567 373 3649 Bondegat’,
399 3572 460 3630 etc.
486 3569 571 3649 quod
597 3568 793 3629 sufficienter
819 3573 855 3628 et
878 3567 1025 3649 legitime
1056 3578 1264 3652 compareant
1289 3543 1384 3602 sipon.

116 3684 224 3726 coram
254 3664 346 3724 nobis
376 3664 428 3725 vel
458 3665 685 3725 commissariis
712 3664 841 3742 nostris,
863 3684 929 3725 uno
956 3664 1007 3725 vel
1036 3666 1194 3746 pluribus
1228 3671 1263 3731 in

119 3760 255 3823 ecclesia
276 3764 387 3821 nostra
407 3759 532 3841 Ripon’,
548 3761 602 3822 die
618 3761 773 3822 Mercurii
795 3781 883 3841 prox.
897 3764 971 3841 post
993 3762 1118 3825 instans
1142 3764 1263 3826 festum

119 3856 232 3919 Sancti
255 3855 403 3931 Martini,
420 3877 515 3937 super
537 3856 732 3938 quibusdam
754 3856 899 3916 articulis
924 3856 1063 3918 salutem
1083 3861 1264 3930 animarum

120 3971 252 4014 suarum
268 3952 546 4034 contingentibus,
561 3973 641 4033 quos
663 3971 767 4033 nuper
782 3952 817 4012 in
832 3952 1022 4014 visitacione
1045 3959 1155 4016 nostra
1177 3976 1265 4016 corn·

119 4048 273 4129 perimuS,
296 4048 489 4127 responsuri,
505 4047 622 4109 facturi
641 4048 778 4109 ulterius
794 4052 829 4108 et
852 4049 1014 4128 recepturi
1030 4051 1116 4130 quod
1132 4049 1266 4131 justicia

121 4141 279 4205 suadebit.
325 4143 369 4203 Et
392 4143 433 4204 ad
459 4144 684 4225 probacionem
708 4144 874 4204 citacionis
897 4142 991 4204 factae
1015 4142 1162 4206 habeatis
1184 4168 1267 4227 prae-
1354 4218 1356 4225 y

122 4242 240 4313 sentes,
257 4237 310 4298 die
334 4242 368 4298 et
390 4237 459 4300 loco
481 4241 642 4321 praedictis
666 4239 781 4322 sigillis
804 4240 918 4301 vestris
943 4240 1096 4322 signatas.
1141 4241 1268 4306 Valete.

122 4334 195 4394 Dat.
219 4333 307 4414 apud
323 4332 445 4413 Cawod,
467 4335 502 4418 iij
526 4336 611 4397 Non.
634 4335 808 4397 Novembr.
830 4334 1038 4415 pontificatus
1060 4339 1162 4399 nostri
1184 4360 1269 4402 anno

124 4430 273 4492 secundo.

190 4541 266 4589 VOL.
282 4541 318 4588 11.
676 4541 698 4588 D
