3074 5032
661 341 868 395 MEMORIALS
894 342 938 394 Ol*
964 342 1087 396 RIPON.

300 512 372 575 tulo
387 512 483 575 dictae
499 511 641 573 ecclesiae
656 515 770 573 vestrae
785 510 920 591 Rypon',
931 511 971 572 ad
986 510 1190 572 tractandum
1207 515 1240 573 et
1256 509 1450 594 1111ρο1111οη-

301 608 381 671 dum
396 628 487 669 suam
503 626 613 668 sanam
628 605 895 669 deliberacionem
910 610 945 668 et
959 606 1131 668 consilium
1154 627 1250 688 super
1265 611 1450 689 praemissiS,

301 709 337 764 01
350 708 429 765 tunc
446 724 521 765 cum
535 702 780 764 continuacione
796 703 923 764 dierum
939 701 1208 784 subsequencium
1223 704 1347 766 ibidem
1363 706 1450 767 salu-

301 798 402 861 briter
416 799 590 880 contigerit
605 797 762 875 ordinare,
777 817 813 858 ac
828 798 870 859 ad
884 798 1139 879 proponendum,
1155 799 1404 878 ostendendum,
1415 806 1450 862 et

300 893 512 976 probandum,
527 914 585 975 pro
595 893 735 957 termino
744 893 874 973 praeciso
885 896 919 953 et
930 894 1157 974 peremptorio,
1167 913 1298 955 causam
1307 896 1450 957 raciona-

302 988 402 1052 bilem
425 990 452 1050 si
472 1009 569 1070 quam
588 1008 647 1069 pro
669 1008 703 1050 00
725 988 877 1065 habeant,
893 1007 992 1069 quare
1014 989 1177 1070 praemissa
1199 990 1393 1051 nominatim
1415 994 1451 1053 et

301 1084 484 1165 specialiter
506 1105 665 1166 expressa,
689 1089 723 1146 et
745 1084 819 1161 alia,
838 1083 934 1144 utilia
956 1103 1014 1165 pro
1036 1088 1126 1145 statu
1148 1088 1183 1145 et
1205 1081 1324 1146 honore
1347 1086 1449 1166 ipsius

301 1180 454 1256 ecclesiae,
468 1184 566 1260 prout
580 1180 730 1260 expedire
745 1178 900 1256 videritis,
912 1178 1057 1240 ordinare
1069 1184 1104 1240 01
1118 1178 1222 1241 facere
1237 1200 1302 1242 non
1311 1181 1449 1260 debetis,

303 1279 338 1336 01
352 1276 393 1336 ad
415 1274 601 1335 faciendum
624 1274 762 1334 ulterius
785 1277 819 1334 et
840 1272 1062 1353 recipiendum
1078 1274 1164 1354 quod
1186 1273 1347 1336 dictorum
1368 1295 1450 1356 prae-

302 1371 474 1432 missorum
489 1369 629 1451 qualitas
645 1373 679 1430 et
693 1372 809 1430 natura
825 1369 927 1451 exigit
943 1373 978 1429 et
992 1369 1138 1449 requirit.

127 1479 237 1526 crasson
370 1464 502 1546 Copiam
531 1466 664 1547 insuper
692 1464 788 1525 dictae
818 1464 1451 1545 011001011011100110101111110111010111111-

126 1538 269 1655 Qss‘ss,
303 1562 528 1624 canonicorum
558 1561 704 1621 omnium
735 1564 770 1622 et
799 1559 1004 1641 singulorum
1032 1558 1250 1638 liberavimus,
1281 1564 1315 1622 et
1353 1581 1450 1642 super

302 1656 407 1740 majus
422 1656 522 1718 altare
545 1656 647 1739 ipsius
667 1655 808 1718 ecclesiae
831 1655 1026 1732 dimisimus,
1042 1655 1150 1737 sicque
1171 1656 1363 1718 mandatum
1378 1676 1450 1718 ves-

301 1759 390 1816 trum
403 1753 616 1814 reverendum
638 1753 674 1813 in
696 1751 845 1813 omnibus
868 1754 903 1812 et
925 1750 1062 1832 singulis
1084 1751 1150 1812 suis
1172 1751 1315 1833 articulis
1339 1772 1450 1813 sumus

300 1852 495 1926 reverenter,
517 1853 557 1910 ut
583 1847 704 1925 decuit,
729 1847 866 1908 executi.
912 1844 1086 1908 Conservet
1108 1867 1164 1909 vos
1186 1846 1373 1909 Altissimus
1396 1868 1449 1908 ec·

300 1945 406 2008 clesiae
429 1948 463 2005 et
485 1943 605 2026 populo
628 1963 686 2005 suo
712 1942 851 2004 feliciter
879 1961 936 2023 per
965 1946 1111 2022 tempora
1140 1942 1327 2005 successiva.
1373 1943 1449 2006 Dat.

302 2038 437 2120 Rypon',
453 2039 475 2121 ij
493 2040 577 2101 Non.
593 2038 717 2116 Marcii,
735 2038 827 2098 Anno
841 2037 956 2120 graciae
971 2036 1203 2119 m⁰ccc¹¹¹⁰xxxj⁰.

128 2151 172 2197 An
181 2164 223 2208 ap
368 2135 412 2195 Et
426 2134 681 2211 memorandum,
698 2133 783 2213 quod
797 2132 885 2193 dicto
898 2132 998 2193 tercio
1013 2132 1067 2193 die
1085 2131 1224 2213 juridico
1238 2137 1312 2214 post
1327 2133 1449 2196 festum

129 2207 254 2314 Ρθζζοῗέξ
303 2229 414 2292 Sancti
424 2229 572 2312 Gregorii
580 2225 1001 2309 papae,magistriRobertus
1012 2227 1053 2289 de
1062 2225 1186 2289 Baldok
1196 2232 1230 2289 et
1238 2227 1399 2291 Robertus
1409 2230 1450 2292 de

128 2282 274 2386 11110κί11
303 2325 529 2407 Bridelington
544 2323 764 2405 personaliter,
778 2325 812 2382 et
827 2322 981 2404 magister
989 2321 1113 2383 Alanus
1128 2321 1169 2384 de
1182 2321 1450 2409 Coniugesburgh

303 2441 361 2502 per
384 2418 569 2482 Johannem
593 2418 634 2479 de
660 2414 938 2501 Coniugesburgh,
958 2417 1083 2479 domini
1106 2437 1181 2480 vero
1202 2418 1386 2483 Willelmus
1409 2422 1450 2483 de

305 2515 461 2578 Cusancia
474 2534 532 2597 per
546 2512 725 2575 Robertum
739 2512 780 2574 de
795 2510 1002 2590 Newenham,
1015 2517 1049 2574 et
1063 2510 1229 2576 ι1011001100
1243 2515 1284 2575 de
1299 2515 1451 2579 Euerdon

303 2632 362 2694 per
376 2611 546 2672 dominum
561 2607 744 2672 Johannem
759 2609 799 2670 (10
816 2607 1019 2692 Coningtcn',
1036 2612 1070 2670 et
1092 2609 1114 2671 J
1115 2607 1258 2671 ohannes
1281 2608 1312 2671 le
1328 2610 1450 2691 Smale,

304 2705 450 2790 ejusdem
461 2705 602 2767 ecclesiae
613 2704 730 2788 Rypon
741 2703 897 2781 canonici,
908 2717 966 2785 per
980 2704 1002 2766 J
1003 2702 1162 2767 ohannem
1171 2705 1211 2767 de
1223 2704 1450 2785 Dideneshale,

303 2807 525 2884 procuratores
541 2821 613 2863 suos
635 2801 671 2862 in
692 2798 754 2862 hac
776 2804 869 2883 parte
891 2800 1096 2878 constitutos,
1111 2807 1361 2883 comparuerunt
1381 2802 1451 2865 loco

304 2897 455 2978 superius
470 2897 645 2960 nominato.

370 3075 565 3154 Willelmus,
581 3079 643 3138 etc.
662 3075 782 3137 dilecto
808 3075 875 3138 filio
896 3076 1062 3138 Willelmo
1087 3077 1127 3138 de
1151 3074 1278 3159 Thorp’,
1293 3078 1451 3159 receptori

159 3220 192 3252 ar.
218 3238 225 3252 .
304 3177 413 3234 nostro
428 3172 514 3254 apud
530 3171 657 3254 Ripon',
668 3171 817 3251 salutem,
827 3173 978 3256 graciam,
992 3179 1026 3235 01
1040 3172 1312 3235 benediccionem.
1334 3173 1451 3236 Libera

155 3303 179 3333 ec
229 3289 252 3334 n·
305 3270 460 3350 magistro
482 3268 619 3330 Ricardo
644 3268 675 3329 10
705 3269 837 3346 Ferour,
867 3269 961 3330 latori
990 3269 1212 3350 praesencium,
1242 3270 1281 3330 de
1312 3270 1452 3330 denariis

130 3362 221 3449 '²⁰⁸2
248 3420 273 3448 ,0
305 3365 424 3425 nostris
446 3364 480 3424 id
507 3383 570 3445 quo
596 3363 775 3444 indiguerit
792 3362 888 3443 juxta
910 3364 1016 3425 visum
1041 3368 1138 3424 tuum
1161 3384 1218 3444 pro
1247 3365 1452 3445 providencia

148 3464 277 3530 madentia
304 3457 384 3518 foeni
405 3457 552 3518 facienda
573 3461 683 3517 contra
708 3457 886 3518 adventum
908 3462 1057 3519 nostrum
1083 3458 1170 3538 apud
1196 3459 1314 3540 Rypon
1337 3465 1373 3521 01
1394 3479 1453 3541 pro

179 3535 194 3565 ι’
304 3572 393 3613 mora
407 3555 516 3612 nostra
530 3551 611 3611 inibi
623 3550 782 3628 facienda,
793 3552 847 3611 cui
861 3552 902 3612 ad
917 3551 1015 3633 hujus
1023 3552 1260 3633 providenciam
1271 3553 1452 3616 faciendam

304 3651 338 3708 te
361 3647 510 3708 assistere
533 3645 682 3707 volumus
704 3665 740 3706 ac
766 3645 871 3707 eciam
895 3646 1075 3724 subvenire,
1094 3652 1128 3707 et
1152 3645 1299 3709 denarios
1325 3653 1452 3711 nostros

303 3761 384 3824 quos
399 3742 484 3802 sicut
492 3761 549 3822 pro
559 3739 746 3821 hujusmodi
760 3740 966 3820 providencia
977 3740 1118 3818 solveris,
1126 3760 1184 3821 pro
1195 3743 1452 3804 ostentacionem

304 3837 516 3920 praesencium
550 3840 583 3897 01
619 3836 801 3898 indenturae
838 3836 924 3897 inter
960 3841 995 3898 tc
1032 3840 1066 3898 et
1103 3836 1229 3898 dictum
1259 3838 1451 3920 magistrum

305 3933 485 3997 Robertum
499 3929 580 4014 (sic)
594 3931 671 3994 inde
685 3930 853 4008 faciendae,
868 3930 931 3993 tibi
954 3952 1049 4012 super
1063 3936 1121 3994 tuo
1136 3938 1286 4014 compoto
1301 3934 1451 3995 volumus

303 4030 443 4091 allocari.
480 4029 572 4091 Vale.
610 4028 685 4089 Dat.
700 4026 788 4109 apud
803 4025 922 4110 Thorp'
931 4027 1028 4109 juxta
1043 4027 1150 4108 Ebor,
1165 4029 1216 4111 iij⁰
1231 4029 1315 4092 Non.
1325 4029 1451 4108 Marcii,

304 4126 399 4189 Anno
413 4125 529 4208 graciae
545 4127 608 4187 etc.
623 4122 722 4207 mj0,
738 4127 772 4186 et
787 4128 878 4205 pont.
894 4123 996 4185 nostri
1010 4129 1075 4186 xv⁰.
