<?xml version="1.0" encoding="UTF-8"?>
<!DOCTYPE html PUBLIC "-//W3C//DTD XHTML 1.0 Transitional//EN"
    "http://www.w3.org/TR/xhtml1/DTD/xhtml1-transitional.dtd">
<html xmlns="http://www.w3.org/1999/xhtml" xml:lang="en" lang="en">
 <head>
  <title>
</title>
<meta http-equiv="Content-Type" content="text/html;charset=utf-8" />
  <meta name='ocr-system' content='tesseract 3.04.00' />
  <meta name='ocr-capabilities' content='ocr_page ocr_carea ocr_par ocr_line ocrx_word'/>
</head>
<body>
  <div class='ocr_page' id='page_1' title='image "./memorialschurch02fowlgoog_0034.png"; bbox 0 0 3074 5032; ppageno 0'>
   <div class='ocr_carea' id='block_1_1' title="bbox 245 326 1118 396">
    <p class='ocr_par' dir='ltr' id='par_1_1' title="bbox 245 326 1118 396">
     <span class='ocr_line' id='line_1_1' title="bbox 245 326 1118 396; baseline 0.003 -16"><span class='ocrx_word' id='word_1_1' title='bbox 245 329 418 381; x_wconf 70' lang='lat' dir='ltr'><strong>EXTRAUI&#39;S</strong></span> <span class='ocrx_word' id='word_1_2' title='bbox 444 327 542 381; x_wconf 71' lang='lat' dir='ltr'>FR&#39;OM</span> <span class='ocrx_word' id='word_1_3' title='bbox 568 330 665 382; x_wconf 87' lang='lat' dir='ltr'><strong>YORK</strong></span> <span class='ocrx_word' id='word_1_4' title='bbox 693 326 902 396; x_wconf 62' lang='lat' dir='ltr'>REGIS&#39;I&#39;ERS}</span> <span class='ocrx_word' id='word_1_5' title='bbox 940 331 1118 386; x_wconf 83' lang='lat' dir='ltr'><strong>ROMANUS.</strong></span> 
     </span>
    </p>
   </div>
   <div class='ocr_carea' id='block_1_2' title="bbox 106 497 1260 1349">
    <p class='ocr_par' dir='ltr' id='par_1_2' title="bbox 106 497 1260 1349">
     <span class='ocr_line' id='line_1_2' title="bbox 106 497 1260 583; baseline 0.001 -22"><span class='ocrx_word' id='word_1_6' title='bbox 106 501 257 561; x_wconf 84' lang='lat' dir='ltr'>in&#39;cantu</span> <span class='ocrx_word' id='word_1_7' title='bbox 281 503 316 560; x_wconf 88' lang='lat' dir='ltr'>et</span> <span class='ocrx_word' id='word_1_8' title='bbox 341 497 529 580; x_wconf 92' lang='lat' dir='ltr'>psalmodia,</span> <span class='ocrx_word' id='word_1_9' title='bbox 544 498 585 560; x_wconf 91' lang='lat' dir='ltr'>ad</span> <span class='ocrx_word' id='word_1_10' title='bbox 607 497 696 560; x_wconf 90' lang='lat' dir='ltr'>chori</span> <span class='ocrx_word' id='word_1_11' title='bbox 718 519 816 561; x_wconf 88' lang='lat' dir='ltr'>onera</span> <span class='ocrx_word' id='word_1_12' title='bbox 839 501 1067 583; x_wconf 90' lang='lat' dir='ltr'>supportanda,</span> <span class='ocrx_word' id='word_1_13' title='bbox 1083 501 1166 563; x_wconf 88' lang='lat' dir='ltr'>tales</span> <span class='ocrx_word' id='word_1_14' title='bbox 1189 500 1260 563; x_wconf 90' lang='lat' dir='ltr'>loco</span> 
     </span>
     <span class='ocr_line' id='line_1_3' title="bbox 106 587 1258 679; baseline 0 -22"><span class='ocrx_word' id='word_1_15' title='bbox 106 598 250 678; x_wconf 90' lang='lat' dir='ltr'>ipsorum</span> <span class='ocrx_word' id='word_1_16' title='bbox 267 594 388 656; x_wconf 89' lang='lat' dir='ltr'>curetis</span> <span class='ocrx_word' id='word_1_17' title='bbox 410 595 554 676; x_wconf 89' lang='lat' dir='ltr'>recipere</span> <span class='ocrx_word' id='word_1_18' title='bbox 576 600 611 657; x_wconf 91' lang='lat' dir='ltr'>et</span> <span class='ocrx_word' id='word_1_19' title='bbox 634 595 830 658; x_wconf 79' lang='lat' dir='ltr'>substituere</span> <span class='ocrx_word' id='word_1_20' title='bbox 846 596 886 658; x_wconf 89' lang='lat' dir='ltr'>de</span> <span class='ocrx_word' id='word_1_21' title='bbox 903 587 1035 676; x_wconf 78' lang='lat' dir='ltr'>caetero,</span> <span class='ocrx_word' id='word_1_22' title='bbox 1051 598 1107 679; x_wconf 89' lang='lat' dir='ltr'>qui</span> <span class='ocrx_word' id='word_1_23' title='bbox 1131 597 1258 679; x_wconf 90' lang='lat' dir='ltr'>probati</span> 
     </span>
     <span class='ocr_line' id='line_1_4' title="bbox 108 688 1259 776; baseline 0.001 -23"><span class='ocrx_word' id='word_1_24' title='bbox 108 697 143 753; x_wconf 85' lang='lat' dir='ltr'>et</span> <span class='ocrx_word' id='word_1_25' title='bbox 173 691 373 753; x_wconf 83' lang='lat' dir='ltr'>sufficientes</span> <span class='ocrx_word' id='word_1_26' title='bbox 402 688 527 752; x_wconf 88' lang='lat' dir='ltr'>fuerint</span> <span class='ocrx_word' id='word_1_27' title='bbox 553 691 588 752; x_wconf 93' lang='lat' dir='ltr'>in</span> <span class='ocrx_word' id='word_1_28' title='bbox 618 693 802 773; x_wconf 83' lang='lat' dir='ltr'>praemissis.</span> <span class='ocrx_word' id='word_1_29' title='bbox 847 692 916 754; x_wconf 90' lang='lat' dir='ltr'>Nec</span> <span class='ocrx_word' id='word_1_30' title='bbox 943 693 1155 776; x_wconf 85' lang='lat' dir='ltr'>negligenciae</span> <span class='ocrx_word' id='word_1_31' title='bbox 1180 713 1259 754; x_wconf 90' lang='lat' dir='ltr'>con-</span> 
     </span>
     <span class='ocr_line' id='line_1_5' title="bbox 108 784 1257 870; baseline 0 -21"><span class='ocrx_word' id='word_1_32' title='bbox 108 789 245 849; x_wconf 90' lang='lat' dir='ltr'>vincatis</span> <span class='ocrx_word' id='word_1_33' title='bbox 274 786 354 869; x_wconf 91' lang='lat' dir='ltr'>quin</span> <span class='ocrx_word' id='word_1_34' title='bbox 389 784 615 867; x_wconf 80' lang='lat' dir='ltr'>delinquentes</span> <span class='ocrx_word' id='word_1_35' title='bbox 647 792 681 849; x_wconf 89' lang='lat' dir='ltr'>et</span> <span class='ocrx_word' id='word_1_36' title='bbox 711 793 856 849; x_wconf 85' lang='lat' dir='ltr'>errantes</span> <span class='ocrx_word' id='word_1_37' title='bbox 886 789 922 849; x_wconf 88' lang='lat' dir='ltr'>in</span> <span class='ocrx_word' id='word_1_38' title='bbox 952 786 1047 850; x_wconf 89' lang='lat' dir='ltr'>choro</span> <span class='ocrx_word' id='word_1_39' title='bbox 1077 789 1257 870; x_wconf 86' lang='lat' dir='ltr'>corripiatis</span> 
     </span>
     <span class='ocr_line' id='line_1_6' title="bbox 108 882 1258 967; baseline 0.002 -22"><span class='ocrx_word' id='word_1_40' title='bbox 108 884 237 960; x_wconf 86' lang='lat' dir='ltr'>acriter,</span> <span class='ocrx_word' id='word_1_41' title='bbox 250 887 285 945; x_wconf 91' lang='lat' dir='ltr'>et</span> <span class='ocrx_word' id='word_1_42' title='bbox 299 902 357 964; x_wconf 94' lang='lat' dir='ltr'>pro</span> <span class='ocrx_word' id='word_1_43' title='bbox 371 882 466 944; x_wconf 93' lang='lat' dir='ltr'>modo</span> <span class='ocrx_word' id='word_1_44' title='bbox 478 882 580 964; x_wconf 89' lang='lat' dir='ltr'>culpae</span> <span class='ocrx_word' id='word_1_45' title='bbox 594 904 651 945; x_wconf 90' lang='lat' dir='ltr'>seu</span> <span class='ocrx_word' id='word_1_46' title='bbox 660 883 803 962; x_wconf 89' lang='lat' dir='ltr'>desidiae,</span> <span class='ocrx_word' id='word_1_47' title='bbox 814 885 898 945; x_wconf 87' lang='lat' dir='ltr'>sicut</span> <span class='ocrx_word' id='word_1_48' title='bbox 908 885 1069 962; x_wconf 89' lang='lat' dir='ltr'>convenit,</span> <span class='ocrx_word' id='word_1_49' title='bbox 1080 885 1258 967; x_wconf 86' lang='lat' dir='ltr'>corrigatis.</span> 
     </span>
     <span class='ocr_line' id='line_1_7' title="bbox 109 978 1259 1062; baseline 0 -20"><span class='ocrx_word' id='word_1_50' title='bbox 109 981 151 1042; x_wconf 95' lang='lat' dir='ltr'>In</span> <span class='ocrx_word' id='word_1_51' title='bbox 176 978 277 1062; x_wconf 89' lang='lat' dir='ltr'>hujus</span> <span class='ocrx_word' id='word_1_52' title='bbox 306 979 409 1040; x_wconf 89' lang='lat' dir='ltr'>nostri</span> <span class='ocrx_word' id='word_1_53' title='bbox 439 980 632 1042; x_wconf 89' lang='lat' dir='ltr'>execuoione</span> <span class='ocrx_word' id='word_1_54' title='bbox 662 980 809 1042; x_wconf 86' lang='lat' dir='ltr'>mandati</span> <span class='ocrx_word' id='word_1_55' title='bbox 832 986 939 1043; x_wconf 91' lang='lat' dir='ltr'>vestra</span> <span class='ocrx_word' id='word_1_56' title='bbox 970 1001 1003 1042; x_wconf 87' lang='lat' dir='ltr'>se</span> <span class='ocrx_word' id='word_1_57' title='bbox 1034 981 1079 1042; x_wconf 90' lang='lat' dir='ltr'>sic</span> <span class='ocrx_word' id='word_1_58' title='bbox 1111 986 1259 1043; x_wconf 89' lang='lat' dir='ltr'>exerceat</span> 
     </span>
     <span class='ocr_line' id='line_1_8' title="bbox 109 1072 1259 1157; baseline 0 -19"><span class='ocrx_word' id='word_1_59' title='bbox 109 1077 252 1152; x_wconf 88' lang='lat' dir='ltr'>devoci0,</span> <span class='ocrx_word' id='word_1_60' title='bbox 289 1074 375 1157; x_wconf 89' lang='lat' dir='ltr'>quod</span> <span class='ocrx_word' id='word_1_61' title='bbox 412 1075 599 1138; x_wconf 89' lang='lat' dir='ltr'>mandantis</span> <span class='ocrx_word' id='word_1_62' title='bbox 636 1076 811 1138; x_wconf 88' lang='lat' dir='ltr'>auctoritas</span> <span class='ocrx_word' id='word_1_63' title='bbox 850 1077 1107 1139; x_wconf 80' lang='lat' dir='ltr'>recommendare</span> <span class='ocrx_word' id='word_1_64' title='bbox 1140 1072 1259 1139; x_wconf 90' lang='lat' dir='ltr'>debeat</span> 
     </span>
     <span class='ocr_line' id='line_1_9' title="bbox 109 1171 1257 1256; baseline -0.001 -22"><span class='ocrx_word' id='word_1_65' title='bbox 109 1173 333 1234; x_wconf 83' lang='lat' dir='ltr'>obedienciam</span> <span class='ocrx_word' id='word_1_66' title='bbox 349 1171 548 1253; x_wconf 76' lang='lat' dir='ltr'>exequentis</span> <span class='ocrx_word' id='word_1_67' title='bbox 586 1171 712 1234; x_wconf 87' lang='lat' dir='ltr'>Valete.</span> <span class='ocrx_word' id='word_1_68' title='bbox 757 1172 832 1234; x_wconf 89' lang='lat' dir='ltr'>Dat.</span> <span class='ocrx_word' id='word_1_69' title='bbox 848 1172 935 1254; x_wconf 93' lang='lat' dir='ltr'>apud</span> <span class='ocrx_word' id='word_1_70' title='bbox 952 1173 1118 1256; x_wconf 83' lang='lat' dir='ltr'>Quixeley,</span> <span class='ocrx_word' id='word_1_71' title='bbox 1133 1172 1163 1255; x_wconf 94' lang='lat' dir='ltr'>vj</span> <span class='ocrx_word' id='word_1_72' title='bbox 1183 1172 1257 1233; x_wconf 79' lang='lat' dir='ltr'>Kal.</span> 
     </span>
     <span class='ocr_line' id='line_1_10' title="bbox 109 1269 395 1349; baseline 0 -21"><span class='ocrx_word' id='word_1_73' title='bbox 109 1269 207 1330; x_wconf 89' lang='lat' dir='ltr'>Mart.</span> <span class='ocrx_word' id='word_1_74' title='bbox 224 1271 316 1349; x_wconf 90' lang='lat' dir='ltr'>pont.</span> <span class='ocrx_word' id='word_1_75' title='bbox 333 1271 395 1328; x_wconf 89' lang='lat' dir='ltr'>etc.</span> 
     </span>
    </p>
   </div>
   <div class='ocr_carea' id='block_1_3' title="bbox 1284 1409 1373 1469">
    <p class='ocr_par' dir='ltr' id='par_1_3' title="bbox 1284 1409 1373 1469">
     <span class='ocr_line' id='line_1_11' title="bbox 1284 1409 1373 1469; baseline 0.011 -1"><span class='ocrx_word' id='word_1_76' title='bbox 1284 1409 1327 1468; x_wconf 84' lang='grc'>(73</span> <span class='ocrx_word' id='word_1_77' title='bbox 1338 1410 1373 1469; x_wconf 78' lang='lat' dir='ltr'>v.)</span> 
     </span>
    </p>
   </div>
   <div class='ocr_carea' id='block_1_4' title="bbox 176 1425 1334 1544">
    <p class='ocr_par' dir='ltr' id='par_1_4' title="bbox 176 1425 1334 1544">
     <span class='ocr_line' id='line_1_12' title="bbox 176 1425 1334 1544; baseline 0.001 -24"><span class='ocrx_word' id='word_1_78' title='bbox 176 1459 426 1521; x_wconf 91' lang='lat' dir='ltr'>Memorandum</span> <span class='ocrx_word' id='word_1_79' title='bbox 449 1460 535 1540; x_wconf 90' lang='lat' dir='ltr'>quod</span> <span class='ocrx_word' id='word_1_80' title='bbox 555 1461 705 1522; x_wconf 85' lang='lat' dir='ltr'>scribitur</span> <span class='ocrx_word' id='word_1_81' title='bbox 729 1461 836 1522; x_wconf 93' lang='lat' dir='ltr'>eidem</span> <span class='ocrx_word' id='word_1_82' title='bbox 859 1462 896 1523; x_wconf 90' lang='lat' dir='ltr'>R.</span> <span class='ocrx_word' id='word_1_83' title='bbox 912 1461 997 1543; x_wconf 94' lang='lat' dir='ltr'>quod</span> <span class='ocrx_word' id='word_1_84' title='bbox 1023 1425 1132 1523; x_wconf 92' lang='lat' dir='ltr'>omnia</span> <span class='ocrx_word' id='word_1_85' title='bbox 1156 1462 1258 1544; x_wconf 86' lang='lat' dir='ltr'>perti·</span> <span class='ocrx_word' id='word_1_86' title='bbox 1282 1481 1334 1514; x_wconf 65' lang='lat' dir='ltr'>Ao·</span> 
     </span>
    </p>
   </div>
   <div class='ocr_carea' id='block_1_5' title="bbox 110 1528 1394 1639">
    <p class='ocr_par' dir='ltr' id='par_1_5' title="bbox 110 1528 1394 1639">
     <span class='ocr_line' id='line_1_13' title="bbox 198 1528 1394 1574; baseline 0.003 -5"><span class='ocrx_word' id='word_1_87' title='bbox 198 1556 204 1569; x_wconf 89' lang='lat'><strong>.</strong></span> <span class='ocrx_word' id='word_1_88' title='bbox 320 1558 322 1562; x_wconf 71' lang='lat'>‚</span> <span class='ocrx_word' id='word_1_89' title='bbox 461 1557 467 1569; x_wconf 93' lang='lat'><strong>.</strong></span> <span class='ocrx_word' id='word_1_90' title='bbox 1285 1528 1394 1574; x_wconf 79' lang='lat' dir='ltr'>rasa-90.</span> 
     </span>
     <span class='ocr_line' id='line_1_14' title="bbox 110 1556 1387 1639; baseline 0.002 -22"><span class='ocrx_word' id='word_1_91' title='bbox 110 1577 226 1617; x_wconf 90' lang='lat' dir='ltr'>nencra</span> <span class='ocrx_word' id='word_1_92' title='bbox 248 1556 289 1617; x_wconf 89' lang='lat' dir='ltr'>ad</span> <span class='ocrx_word' id='word_1_93' title='bbox 304 1576 522 1617; x_wconf 90' lang='lat' dir='ltr'>commumam</span> <span class='ocrx_word' id='word_1_94' title='bbox 537 1557 664 1638; x_wconf 86' lang='lat' dir='ltr'>Rypon&#39;</span> <span class='ocrx_word' id='word_1_95' title='bbox 679 1562 861 1639; x_wconf 83' lang='lat' dir='ltr'>sequestret</span> <span class='ocrx_word' id='word_1_96' title='bbox 883 1563 917 1618; x_wconf 88' lang='lat' dir='ltr'>et</span> <span class='ocrx_word' id='word_1_97' title='bbox 934 1558 993 1619; x_wconf 93' lang='lat' dir='ltr'>sub</span> <span class='ocrx_word' id='word_1_98' title='bbox 1008 1563 1078 1619; x_wconf 90' lang='lat' dir='ltr'>arto</span> <span class='ocrx_word' id='word_1_99' title='bbox 1094 1563 1258 1639; x_wconf 84' lang='lat' dir='ltr'>sequestro</span> <span class='ocrx_word' id='word_1_100' title='bbox 1284 1585 1340 1632; x_wconf 78' lang='lat' dir='ltr'>Feb.</span> <span class='ocrx_word' id='word_1_101' title='bbox 1351 1587 1387 1631; x_wconf 81' lang='lat'>24.</span> 
     </span>
    </p>
   </div>
   <div class='ocr_carea' id='block_1_6' title="bbox 110 1650 1397 1740">
    <p class='ocr_par' dir='ltr' id='par_1_6' title="bbox 110 1650 1397 1740">
     <span class='ocr_line' id='line_1_15' title="bbox 110 1650 1397 1740; baseline 0 -28"><span class='ocrx_word' id='word_1_102' title='bbox 110 1652 266 1713; x_wconf 88' lang='lat' dir='ltr'>custodiri</span> <span class='ocrx_word' id='word_1_103' title='bbox 295 1650 403 1729; x_wconf 87' lang='lat' dir='ltr'>faciat,</span> <span class='ocrx_word' id='word_1_104' title='bbox 433 1651 534 1713; x_wconf 90' lang='lat' dir='ltr'>donec</span> <span class='ocrx_word' id='word_1_105' title='bbox 565 1653 605 1714; x_wconf 89' lang='lat' dir='ltr'>de</span> <span class='ocrx_word' id='word_1_106' title='bbox 643 1654 868 1734; x_wconf 90' lang='lat' dir='ltr'>procuracione</span> <span class='ocrx_word' id='word_1_107' title='bbox 906 1655 1032 1715; x_wconf 89' lang='lat' dir='ltr'>racione</span> <span class='ocrx_word' id='word_1_108' title='bbox 1063 1654 1259 1715; x_wconf 86' lang='lat' dir='ltr'>visitacionis</span> <span class='ocrx_word' id='word_1_109' title='bbox 1285 1670 1397 1740; x_wconf 58' lang='lat' dir='ltr'>propro-</span> 
     </span>
    </p>
   </div>
   <div class='ocr_carea' id='block_1_7' title="bbox 110 1743 1404 1831">
    <p class='ocr_par' dir='ltr' id='par_1_7' title="bbox 110 1743 1404 1831">
     <span class='ocr_line' id='line_1_16' title="bbox 110 1743 1404 1831; baseline -0.002 -22"><span class='ocrx_word' id='word_1_110' title='bbox 110 1748 222 1810; x_wconf 88' lang='lat' dir='ltr'>debita</span> <span class='ocrx_word' id='word_1_111' title='bbox 238 1748 300 1809; x_wconf 92' lang='lat' dir='ltr'>sibi</span> <span class='ocrx_word' id='word_1_112' title='bbox 314 1745 414 1808; x_wconf 88' lang='lat' dir='ltr'>fuerit</span> <span class='ocrx_word' id='word_1_113' title='bbox 430 1747 640 1811; x_wconf 88' lang='lat' dir='ltr'>satisfactum.</span> <span class='ocrx_word' id='word_1_114' title='bbox 686 1749 761 1810; x_wconf 88' lang='lat' dir='ltr'>Dat.</span> <span class='ocrx_word' id='word_1_115' title='bbox 778 1765 874 1830; x_wconf 90' lang='lat' dir='ltr'>supra</span> <span class='ocrx_word' id='word_1_116' title='bbox 889 1750 1044 1831; x_wconf 87' lang='lat' dir='ltr'>proxime.</span> <span class='ocrx_word' id='word_1_117' title='bbox 1284 1743 1404 1831; x_wconf 51' lang='lat' dir='ltr'>mmm</span> 
     </span>
    </p>
   </div>
   <div class='ocr_carea' id='block_1_8' title="bbox 112 1860 1438 2791">
    <p class='ocr_par' dir='ltr' id='par_1_8' title="bbox 112 1860 1438 2696">
     <span class='ocr_line' id='line_1_17' title="bbox 1285 1860 1377 1890; baseline 0.022 -2"><span class='ocrx_word' id='word_1_118' title='bbox 1285 1860 1377 1890; x_wconf 62' lang='lat' dir='ltr'>&#39;&#39;0010&#39;ae</span> 
     </span>
     <span class='ocr_line' id='line_1_18' title="bbox 180 1911 1437 2047; baseline -0.001 -46"><span class='ocrx_word' id='word_1_119' title='bbox 180 1937 330 2021; x_wconf 82' lang='lat' dir='ltr'>Capitulo</span> <span class='ocrx_word' id='word_1_120' title='bbox 346 1944 456 2002; x_wconf 87' lang='lat' dir='ltr'>nostro</span> <span class='ocrx_word' id='word_1_121' title='bbox 470 1940 595 2023; x_wconf 90' lang='lat' dir='ltr'>Rypon&#39;</span> <span class='ocrx_word' id='word_1_122' title='bbox 605 1940 755 2018; x_wconf 86' lang='lat' dir='ltr'>salutem,</span> <span class='ocrx_word' id='word_1_123' title='bbox 768 1941 919 2024; x_wconf 83' lang='lat' dir='ltr'>graciam,</span> <span class='ocrx_word' id='word_1_124' title='bbox 936 1946 970 2001; x_wconf 91' lang='lat' dir='ltr'>et</span> <span class='ocrx_word' id='word_1_125' title='bbox 985 1937 1260 2002; x_wconf 88' lang='lat' dir='ltr'>benediccionem.</span> <span class='ocrx_word' id='word_1_126' title='bbox 1285 1911 1437 2047; x_wconf 43' lang='lat' dir='ltr'>ww*</span> 
     </span>
     <span class='ocr_line' id='line_1_19' title="bbox 113 2032 1415 2119; baseline 0 -22"><span class='ocrx_word' id='word_1_127' title='bbox 113 2037 213 2103; x_wconf 87' lang='lat' dir='ltr'>Facta</span> <span class='ocrx_word' id='word_1_128' title='bbox 243 2037 332 2098; x_wconf 93' lang='lat' dir='ltr'>vobis</span> <span class='ocrx_word' id='word_1_129' title='bbox 362 2057 381 2097; x_wconf 93' lang='lat' dir='ltr'>a</span> <span class='ocrx_word' id='word_1_130' title='bbox 410 2037 679 2119; x_wconf 48' lang='lat' dir='ltr'>procuratoribus,</span> <span class='ocrx_word' id='word_1_131' title='bbox 695 2043 904 2099; x_wconf 86' lang='lat' dir='ltr'>executurum</span> <span class='ocrx_word' id='word_1_132' title='bbox 931 2037 1054 2099; x_wconf 92' lang='lat' dir='ltr'>domini</span> <span class='ocrx_word' id='word_1_133' title='bbox 1085 2032 1261 2098; x_wconf 91' lang='lat' dir='ltr'>Percevalli</span> <span class='ocrx_word' id='word_1_134' title='bbox 1285 2058 1337 2091; x_wconf 67' lang='lat' dir='ltr'>at&gt;-</span> <span class='ocrx_word' id='word_1_135' title='bbox 1350 2047 1415 2093; x_wconf 71' lang='lat'><strong>1290.</strong></span> 
     </span>
     <span class='ocr_line' id='line_1_20' title="bbox 112 2104 1392 2234; baseline -0.001 -40"><span class='ocrx_word' id='word_1_136' title='bbox 112 2132 278 2214; x_wconf 90' lang='lat' dir='ltr'>quondam</span> <span class='ocrx_word' id='word_1_137' title='bbox 292 2134 436 2194; x_wconf 88' lang='lat' dir='ltr'>canonici</span> <span class='ocrx_word' id='word_1_138' title='bbox 451 2133 566 2214; x_wconf 89' lang='lat' dir='ltr'>Ripon’</span> <span class='ocrx_word' id='word_1_139' title='bbox 582 2134 756 2195; x_wconf 86' lang='lat' dir='ltr'>securitate</span> <span class='ocrx_word' id='word_1_140' title='bbox 779 2134 820 2195; x_wconf 92' lang='lat' dir='ltr'>de</span> <span class='ocrx_word' id='word_1_141' title='bbox 837 2132 1061 2194; x_wconf 88' lang='lat' dir='ltr'>satisfaciendo</span> <span class='ocrx_word' id='word_1_142' title='bbox 1083 2153 1141 2214; x_wconf 91' lang='lat' dir='ltr'>pro</span> <span class='ocrx_word' id='word_1_143' title='bbox 1156 2132 1262 2194; x_wconf 88' lang='lat' dir='ltr'>defec-</span> <span class='ocrx_word' id='word_1_144' title='bbox 1286 2104 1392 2234; x_wconf 46' lang='lat' dir='ltr'>ffydlff</span> 
     </span>
     <span class='ocr_line' id='line_1_21' title="bbox 112 2202 1438 2312; baseline 0.002 -22"><span class='ocrx_word' id='word_1_145' title='bbox 112 2229 203 2290; x_wconf 84' lang='lat' dir='ltr'>tibus</span> <span class='ocrx_word' id='word_1_146' title='bbox 232 2228 401 2289; x_wconf 91' lang='lat' dir='ltr'>domorum</span> <span class='ocrx_word' id='word_1_147' title='bbox 427 2229 606 2310; x_wconf 86' lang='lat' dir='ltr'>praebendae</span> <span class='ocrx_word' id='word_1_148' title='bbox 636 2250 735 2310; x_wconf 89' lang='lat' dir='ltr'>quam</span> <span class='ocrx_word' id='word_1_149' title='bbox 764 2231 799 2290; x_wconf 93' lang='lat' dir='ltr'>in</span> <span class='ocrx_word' id='word_1_150' title='bbox 829 2230 916 2290; x_wconf 89' lang='lat' dir='ltr'>dicta</span> <span class='ocrx_word' id='word_1_151' title='bbox 946 2229 1117 2312; x_wconf 87' lang='lat' dir='ltr'>praebenda</span> <span class='ocrx_word' id='word_1_152' title='bbox 1146 2228 1262 2310; x_wconf 85' lang='lat' dir='ltr'>Ripon&#39;</span> <span class='ocrx_word' id='word_1_153' title='bbox 1286 2202 1438 2293; x_wconf 66' lang='lat' dir='ltr'>roildinini-</span> 
     </span>
     <span class='ocr_line' id='line_1_22' title="bbox 112 2307 1424 2422; baseline 0.001 -37"><span class='ocrx_word' id='word_1_154' title='bbox 112 2323 230 2386; x_wconf 85' lang='lat' dir='ltr'>habuit</span> <span class='ocrx_word' id='word_1_155' title='bbox 244 2323 442 2405; x_wconf 86' lang='lat' dir='ltr'>reparandis,</span> <span class='ocrx_word' id='word_1_156' title='bbox 458 2330 493 2387; x_wconf 92' lang='lat' dir='ltr'>et</span> <span class='ocrx_word' id='word_1_157' title='bbox 517 2326 557 2386; x_wconf 89' lang='lat' dir='ltr'>de</span> <span class='ocrx_word' id='word_1_158' title='bbox 581 2325 734 2387; x_wconf 92' lang='lat' dir='ltr'>solvendo</span> <span class='ocrx_word' id='word_1_159' title='bbox 757 2327 863 2387; x_wconf 91' lang='lat' dir='ltr'>eidem</span> <span class='ocrx_word' id='word_1_160' title='bbox 887 2326 1030 2387; x_wconf 87' lang='lat' dir='ltr'>ecclesiae</span> <span class='ocrx_word' id='word_1_161' title='bbox 1045 2325 1198 2407; x_wconf 87' lang='lat' dir='ltr'>quicquid</span> <span class='ocrx_word' id='word_1_162' title='bbox 1222 2339 1261 2386; x_wconf 83' lang='lat' dir='ltr'>ex</span> <span class='ocrx_word' id='word_1_163' title='bbox 1287 2307 1424 2422; x_wconf 49' lang='lat' dir='ltr'>{ffilfflfff</span> 
     </span>
     <span class='ocr_line' id='line_1_23' title="bbox 112 2420 1409 2502; baseline 0 -21"><span class='ocrx_word' id='word_1_164' title='bbox 112 2420 396 2482; x_wconf 89' lang='lat' dir='ltr'>consuetudinario</span> <span class='ocrx_word' id='word_1_165' title='bbox 407 2420 482 2502; x_wconf 91' lang='lat' dir='ltr'>jure</span> <span class='ocrx_word' id='word_1_166' title='bbox 498 2420 645 2498; x_wconf 87' lang='lat' dir='ltr'>debetur,</span> <span class='ocrx_word' id='word_1_167' title='bbox 662 2422 830 2483; x_wconf 88' lang='lat' dir='ltr'>devocioni</span> <span class='ocrx_word' id='word_1_168' title='bbox 846 2427 960 2483; x_wconf 83' lang='lat' dir='ltr'>vestrae</span> <span class='ocrx_word' id='word_1_169' title='bbox 976 2421 1167 2482; x_wconf 86' lang='lat' dir='ltr'>mandamus</span> <span class='ocrx_word' id='word_1_170' title='bbox 1182 2441 1261 2502; x_wconf 60' lang='lat' dir='ltr'>quai</span> <span class='ocrx_word' id='word_1_171' title='bbox 1287 2422 1341 2469; x_wconf 82' lang='lat' dir='ltr'>Dan</span> <span class='ocrx_word' id='word_1_172' title='bbox 1353 2423 1409 2468; x_wconf 78' lang='lat' dir='ltr'>Per-</span> 
     </span>
     <span class='ocr_line' id='line_1_24' title="bbox 113 2496 1370 2599; baseline 0 -22"><span class='ocrx_word' id='word_1_173' title='bbox 113 2517 204 2577; x_wconf 90' lang='lat' dir='ltr'>tinus</span> <span class='ocrx_word' id='word_1_174' title='bbox 220 2520 427 2598; x_wconf 89' lang='lat' dir='ltr'>sequestrum</span> <span class='ocrx_word' id='word_1_175' title='bbox 442 2519 633 2579; x_wconf 83' lang='lat' dir='ltr'>auctoritate</span> <span class='ocrx_word' id='word_1_176' title='bbox 649 2523 759 2578; x_wconf 90' lang='lat' dir='ltr'>nostra</span> <span class='ocrx_word' id='word_1_177' title='bbox 773 2518 808 2577; x_wconf 92' lang='lat' dir='ltr'>in</span> <span class='ocrx_word' id='word_1_178' title='bbox 824 2517 983 2579; x_wconf 87' lang='lat' dir='ltr'>fructibus</span> <span class='ocrx_word' id='word_1_179' title='bbox 1000 2521 1034 2578; x_wconf 83' lang='lat' dir='ltr'>et·</span> <span class='ocrx_word' id='word_1_180' title='bbox 1052 2517 1262 2599; x_wconf 89' lang='lat' dir='ltr'>proventibus</span> <span class='ocrx_word' id='word_1_181' title='bbox 1287 2496 1329 2528; x_wconf 76' lang='lat' dir='ltr'>oev</span> <span class='ocrx_word' id='word_1_182' title='bbox 1364 2515 1370 2527; x_wconf 86' lang='lat'>&#39;</span> 
     </span>
     <span class='ocr_line' id='line_1_25' title="bbox 113 2612 1263 2696; baseline -0.002 -21"><span class='ocrx_word' id='word_1_183' title='bbox 113 2613 210 2675; x_wconf 86' lang='lat' dir='ltr'>dictae</span> <span class='ocrx_word' id='word_1_184' title='bbox 240 2613 420 2694; x_wconf 84' lang='lat' dir='ltr'>praebendae</span> <span class='ocrx_word' id='word_1_185' title='bbox 447 2614 679 2696; x_wconf 85' lang='lat' dir='ltr'>interpositum</span> <span class='ocrx_word' id='word_1_186' title='bbox 710 2612 874 2690; x_wconf 85' lang='lat' dir='ltr'>relaxetis,</span> <span class='ocrx_word' id='word_1_187' title='bbox 904 2613 1007 2674; x_wconf 89' lang='lat' dir='ltr'>dictos</span> <span class='ocrx_word' id='word_1_188' title='bbox 1040 2617 1263 2696; x_wconf 87' lang='lat' dir='ltr'>procuratores</span> 
     </span>
    </p>

    <p class='ocr_par' dir='ltr' id='par_1_9' title="bbox 114 2707 1262 2791">
     <span class='ocr_line' id='line_1_26' title="bbox 114 2707 1262 2791; baseline 0.002 -22"><span class='ocrx_word' id='word_1_189' title='bbox 114 2714 236 2770; x_wconf 82' lang='lat' dir='ltr'>extunc</span> <span class='ocrx_word' id='word_1_190' title='bbox 257 2709 293 2770; x_wconf 94' lang='lat' dir='ltr'>in</span> <span class='ocrx_word' id='word_1_191' title='bbox 315 2709 395 2790; x_wconf 90' lang='lat' dir='ltr'>ipsis</span> <span class='ocrx_word' id='word_1_192' title='bbox 416 2709 643 2771; x_wconf 90' lang='lat' dir='ltr'>administrare</span> <span class='ocrx_word' id='word_1_193' title='bbox 664 2707 765 2772; x_wconf 91' lang='lat' dir='ltr'>libere</span> <span class='ocrx_word' id='word_1_194' title='bbox 783 2710 1023 2791; x_wconf 73' lang='lat' dir='ltr'>permittentes·</span> <span class='ocrx_word' id='word_1_195' title='bbox 1069 2709 1144 2770; x_wconf 90' lang='lat' dir='ltr'>Dat.</span> <span class='ocrx_word' id='word_1_196' title='bbox 1159 2707 1195 2790; x_wconf 80' lang='lat' dir='ltr'>iij</span> <span class='ocrx_word' id='word_1_197' title='bbox 1213 2709 1262 2771; x_wconf 63' lang='lat' dir='ltr'>ld·</span> 
     </span>
    </p>
   </div>
   <div class='ocr_carea' id='block_1_9' title="bbox 113 2802 600 2890">
    <p class='ocr_par' dir='ltr' id='par_1_10' title="bbox 113 2802 600 2890">
     <span class='ocr_line' id='line_1_27' title="bbox 113 2802 600 2890; baseline -0.004 -23"><span class='ocrx_word' id='word_1_198' title='bbox 113 2804 135 2867; x_wconf 91' lang='lat' dir='ltr'><strong>J</strong></span> <span class='ocrx_word' id='word_1_199' title='bbox 136 2804 181 2866; x_wconf 90' lang='lat' dir='ltr'>ul.</span> <span class='ocrx_word' id='word_1_200' title='bbox 199 2825 295 2887; x_wconf 88' lang='lat' dir='ltr'>supra</span> <span class='ocrx_word' id='word_1_201' title='bbox 309 2825 397 2886; x_wconf 85' lang='lat' dir='ltr'>prox.</span> <span class='ocrx_word' id='word_1_202' title='bbox 414 2802 514 2890; x_wconf 87' lang='lat' dir='ltr'>(anno</span> <span class='ocrx_word' id='word_1_203' title='bbox 529 2803 600 2890; x_wconf 63' lang='lat'>52⁰).</span> 
     </span>
    </p>
   </div>
   <div class='ocr_carea' id='block_1_10' title="bbox 112 2985 1264 3176">
    <p class='ocr_par' dir='ltr' id='par_1_11' title="bbox 112 2985 1264 3176">
     <span class='ocr_line' id='line_1_28' title="bbox 157 2985 1264 3081; baseline -0.002 -21"><span class='ocrx_word' id='word_1_204' title='bbox 157 2996 322 3061; x_wconf 77' lang='lat' dir='ltr'>Mandata</span> <span class='ocrx_word' id='word_1_205' title='bbox 344 3004 376 3061; x_wconf 87' lang='lat' dir='ltr'>to</span> <span class='ocrx_word' id='word_1_206' title='bbox 398 2996 520 3061; x_wconf 76' lang='lat' dir='ltr'>induet</span> <span class='ocrx_word' id='word_1_207' title='bbox 542 2996 686 3062; x_wconf 81' lang='lat' dir='ltr'>Jacobas</span> <span class='ocrx_word' id='word_1_208' title='bbox 704 2988 840 3062; x_wconf 44' lang='lat' dir='ltr'>(ll——*i</span> <span class='ocrx_word' id='word_1_209' title='bbox 865 3002 897 3059; x_wconf 88' lang='lat' dir='ltr'>to</span> <span class='ocrx_word' id='word_1_210' title='bbox 915 2985 1064 3081; x_wconf 79' lang='lat' dir='ltr'>prebead</span> <span class='ocrx_word' id='word_1_211' title='bbox 1086 3002 1206 3059; x_wconf 76' lang='lat' dir='ltr'>occurit</span> <span class='ocrx_word' id='word_1_212' title='bbox 1223 2994 1264 3078; x_wconf 74' lang='lat' dir='ltr'>by</span> 
     </span>
     <span class='ocr_line' id='line_1_29' title="bbox 112 3092 693 3176; baseline 0 -20"><span class='ocrx_word' id='word_1_213' title='bbox 112 3092 213 3156; x_wconf 76' lang='lat' dir='ltr'>death</span> <span class='ocrx_word' id='word_1_214' title='bbox 228 3093 268 3176; x_wconf 84' lang='lat' dir='ltr'>of</span> <span class='ocrx_word' id='word_1_215' title='bbox 279 3092 433 3157; x_wconf 82' lang='lat' dir='ltr'>Pcrcevcl</span> <span class='ocrx_word' id='word_1_216' title='bbox 448 3093 488 3157; x_wconf 78' lang='lat' dir='ltr'>de</span> <span class='ocrx_word' id='word_1_217' title='bbox 504 3092 693 3176; x_wconf 51' lang='lat' dir='ltr'>chcpuicr</span> 
     </span>
    </p>
   </div>
   <div class='ocr_carea' id='block_1_11' title="bbox 111 3260 1417 4314">
    <p class='ocr_par' dir='ltr' id='par_1_12' title="bbox 111 3260 1417 4314">
     <span class='ocr_line' id='line_1_30' title="bbox 180 3260 1374 3354; baseline -0.008 -21"><span class='ocrx_word' id='word_1_218' title='bbox 180 3269 214 3342; x_wconf 80' lang='lat' dir='ltr'>J(</span> <span class='ocrx_word' id='word_1_219' title='bbox 218 3268 378 3354; x_wconf 89' lang='lat' dir='ltr'>ohannes)</span> <span class='ocrx_word' id='word_1_220' title='bbox 388 3267 609 3352; x_wconf 87' lang='lat' dir='ltr'>permissione,</span> <span class='ocrx_word' id='word_1_221' title='bbox 620 3275 682 3332; x_wconf 89' lang='lat' dir='ltr'>etc.</span> <span class='ocrx_word' id='word_1_222' title='bbox 692 3270 819 3332; x_wconf 91' lang='lat' dir='ltr'>dilectis</span> <span class='ocrx_word' id='word_1_223' title='bbox 834 3271 869 3331; x_wconf 94' lang='lat' dir='ltr'>in</span> <span class='ocrx_word' id='word_1_224' title='bbox 886 3260 1013 3333; x_wconf 84' lang='lat' dir='ltr'>Christo</span> <span class='ocrx_word' id='word_1_225' title='bbox 1030 3261 1104 3329; x_wconf 91' lang='lat' dir='ltr'>filiis</span> <span class='ocrx_word' id='word_1_226' title='bbox 1120 3268 1263 3349; x_wconf 87' lang='lat' dir='ltr'>capitulo</span> <span class='ocrx_word' id='word_1_227' title='bbox 1289 3277 1374 3338; x_wconf 70' lang='lat'><em>(810.)</em></span> 
     </span>
     <span class='ocr_line' id='line_1_31' title="bbox 111 3338 1417 3456; baseline -0.004 -28"><span class='ocrx_word' id='word_1_228' title='bbox 111 3372 223 3428; x_wconf 88' lang='lat' dir='ltr'>nostro</span> <span class='ocrx_word' id='word_1_229' title='bbox 240 3365 375 3447; x_wconf 87' lang='lat' dir='ltr'>Rypon’,</span> <span class='ocrx_word' id='word_1_230' title='bbox 392 3366 541 3441; x_wconf 87' lang='lat' dir='ltr'>salutem,</span> <span class='ocrx_word' id='word_1_231' title='bbox 551 3367 703 3448; x_wconf 85' lang='lat' dir='ltr'>graciam,</span> <span class='ocrx_word' id='word_1_232' title='bbox 714 3371 748 3427; x_wconf 91' lang='lat' dir='ltr'>et</span> <span class='ocrx_word' id='word_1_233' title='bbox 762 3366 1038 3427; x_wconf 90' lang='lat' dir='ltr'>benediccionem.</span> <span class='ocrx_word' id='word_1_234' title='bbox 1062 3364 1264 3427; x_wconf 87' lang='lat' dir='ltr'>Declinanti-</span> <span class='ocrx_word' id='word_1_235' title='bbox 1287 3338 1417 3456; x_wconf 48' lang='lat' dir='ltr'>fflffl&#39;</span> 
     </span>
     <span class='ocr_line' id='line_1_32' title="bbox 111 3461 1401 3544; baseline 0 -18"><span class='ocrx_word' id='word_1_236' title='bbox 111 3465 174 3526; x_wconf 92' lang='lat' dir='ltr'>bus</span> <span class='ocrx_word' id='word_1_237' title='bbox 190 3462 283 3523; x_wconf 90' lang='lat' dir='ltr'>nobis</span> <span class='ocrx_word' id='word_1_238' title='bbox 298 3463 338 3524; x_wconf 90' lang='lat' dir='ltr'>ad</span> <span class='ocrx_word' id='word_1_239' title='bbox 361 3462 542 3544; x_wconf 90' lang='lat' dir='ltr'>capitulum</span> <span class='ocrx_word' id='word_1_240' title='bbox 564 3463 766 3524; x_wconf 85' lang='lat' dir='ltr'>antedictum</span> <span class='ocrx_word' id='word_1_241' title='bbox 781 3461 834 3524; x_wconf 94' lang='lat' dir='ltr'>die</span> <span class='ocrx_word' id='word_1_242' title='bbox 859 3462 948 3524; x_wconf 92' lang='lat' dir='ltr'>Jovis</span> <span class='ocrx_word' id='word_1_243' title='bbox 963 3463 998 3523; x_wconf 92' lang='lat' dir='ltr'>in</span> <span class='ocrx_word' id='word_1_244' title='bbox 1013 3462 1152 3523; x_wconf 90' lang='lat' dir='ltr'>crastino</span> <span class='ocrx_word' id='word_1_245' title='bbox 1168 3461 1263 3523; x_wconf 91' lang='lat' dir='ltr'>Beati</span> <span class='ocrx_word' id='word_1_246' title='bbox 1294 3480 1401 3528; x_wconf 65' lang='lat' dir='ltr'>vastatio</span> 
     </span>
     <span class='ocr_line' id='line_1_33' title="bbox 112 3541 1404 3658; baseline -0.003 -35"><span class='ocrx_word' id='word_1_247' title='bbox 112 3559 227 3623; x_wconf 87' lang='lat' dir='ltr'>Jacobi</span> <span class='ocrx_word' id='word_1_248' title='bbox 242 3559 379 3640; x_wconf 91' lang='lat' dir='ltr'>apostoli</span> <span class='ocrx_word' id='word_1_249' title='bbox 395 3580 481 3640; x_wconf 91' lang='lat' dir='ltr'>prox.</span> <span class='ocrx_word' id='word_1_250' title='bbox 497 3560 660 3641; x_wconf 87' lang='lat' dir='ltr'>praeterito</span> <span class='ocrx_word' id='word_1_251' title='bbox 675 3558 716 3620; x_wconf 92' lang='lat' dir='ltr'>ad</span> <span class='ocrx_word' id='word_1_252' title='bbox 732 3558 927 3620; x_wconf 88' lang='lat' dir='ltr'>visitacionis</span> <span class='ocrx_word' id='word_1_253' title='bbox 943 3557 1083 3618; x_wconf 87' lang='lat' dir='ltr'>officium</span> <span class='ocrx_word' id='word_1_254' title='bbox 1098 3559 1184 3639; x_wconf 92' lang='lat' dir='ltr'>apud</span> <span class='ocrx_word' id='word_1_255' title='bbox 1206 3579 1262 3619; x_wconf 92' lang='lat' dir='ltr'>vos</span> <span class='ocrx_word' id='word_1_256' title='bbox 1288 3541 1404 3658; x_wconf 51' lang='lat' dir='ltr'>{wid</span> 
     </span>
     <span class='ocr_line' id='line_1_34' title="bbox 113 3653 1402 3737; baseline -0.002 -21"><span class='ocrx_word' id='word_1_257' title='bbox 113 3661 149 3716; x_wconf 91' lang='lat' dir='ltr'>et</span> <span class='ocrx_word' id='word_1_258' title='bbox 172 3655 343 3733; x_wconf 87' lang='lat' dir='ltr'>ecclesiam</span> <span class='ocrx_word' id='word_1_259' title='bbox 364 3660 505 3716; x_wconf 89' lang='lat' dir='ltr'>vestram</span> <span class='ocrx_word' id='word_1_260' title='bbox 527 3655 670 3737; x_wconf 90' lang='lat' dir='ltr'>paternis</span> <span class='ocrx_word' id='word_1_261' title='bbox 694 3655 865 3716; x_wconf 84' lang='lat' dir='ltr'>affectibus</span> <span class='ocrx_word' id='word_1_262' title='bbox 881 3653 1106 3730; x_wconf 90' lang='lat' dir='ltr'>exercendum,</span> <span class='ocrx_word' id='word_1_263' title='bbox 1122 3654 1262 3715; x_wconf 91' lang='lat' dir='ltr'>dominis</span> <span class='ocrx_word' id='word_1_264' title='bbox 1288 3660 1402 3704; x_wconf 71' lang='lat' dir='ltr'>decretum</span> 
     </span>
     <span class='ocr_line' id='line_1_35' title="bbox 113 3723 1389 3844; baseline -0.002 -31"><span class='ocrx_word' id='word_1_265' title='bbox 113 3752 240 3835; x_wconf 90' lang='lat' dir='ltr'>Rogero</span> <span class='ocrx_word' id='word_1_266' title='bbox 257 3750 371 3832; x_wconf 82' lang='lat' dir='ltr'>vaayn</span> <span class='ocrx_word' id='word_1_267' title='bbox 387 3755 421 3813; x_wconf 89' lang='lat' dir='ltr'>et</span> <span class='ocrx_word' id='word_1_268' title='bbox 443 3748 591 3814; x_wconf 89' lang='lat' dir='ltr'>Johanne</span> <span class='ocrx_word' id='word_1_269' title='bbox 607 3752 647 3812; x_wconf 91' lang='lat' dir='ltr'>de</span> <span class='ocrx_word' id='word_1_270' title='bbox 671 3747 902 3834; x_wconf 84' lang='lat' dir='ltr'>Beningworth</span> <span class='ocrx_word' id='word_1_271' title='bbox 925 3750 1087 3810; x_wconf 87' lang='lat' dir='ltr'>canonicis</span> <span class='ocrx_word' id='word_1_272' title='bbox 1114 3749 1262 3830; x_wconf 88' lang='lat' dir='ltr'>ejusdem</span> <span class='ocrx_word' id='word_1_273' title='bbox 1287 3723 1389 3844; x_wconf 48' lang='lat' dir='ltr'>fimf,</span> 
     </span>
     <span class='ocr_line' id='line_1_36' title="bbox 114 3837 1415 3927; baseline -0.005 -17"><span class='ocrx_word' id='word_1_274' title='bbox 114 3848 259 3910; x_wconf 87' lang='lat' dir='ltr'>ecclesiae</span> <span class='ocrx_word' id='word_1_275' title='bbox 275 3867 381 3908; x_wconf 90' lang='lat' dir='ltr'>coram</span> <span class='ocrx_word' id='word_1_276' title='bbox 396 3846 488 3908; x_wconf 90' lang='lat' dir='ltr'>nobis</span> <span class='ocrx_word' id='word_1_277' title='bbox 504 3847 538 3906; x_wconf 93' lang='lat' dir='ltr'>in</span> <span class='ocrx_word' id='word_1_278' title='bbox 554 3847 642 3908; x_wconf 84' lang='lat' dir='ltr'>dicto</span> <span class='ocrx_word' id='word_1_279' title='bbox 657 3837 799 3927; x_wconf 81' lang='lat' dir='ltr'>capitulo</span> <span class='ocrx_word' id='word_1_280' title='bbox 822 3843 1033 3925; x_wconf 90' lang='lat' dir='ltr'>personaliter</span> <span class='ocrx_word' id='word_1_281' title='bbox 1048 3844 1262 3924; x_wconf 84' lang='lat' dir='ltr'>comparenti·</span> <span class='ocrx_word' id='word_1_282' title='bbox 1288 3849 1415 3883; x_wconf 47' lang='grc' dir='ltr'>ΝΟΜ·</span> 
     </span>
     <span class='ocr_line' id='line_1_37' title="bbox 115 3932 1263 4024; baseline -0.006 -18"><span class='ocrx_word' id='word_1_283' title='bbox 115 3944 186 4020; x_wconf 90' lang='lat' dir='ltr'>bus,</span> <span class='ocrx_word' id='word_1_284' title='bbox 202 3965 239 4005; x_wconf 90' lang='lat' dir='ltr'>ae</span> <span class='ocrx_word' id='word_1_285' title='bbox 255 3943 396 4004; x_wconf 92' lang='lat' dir='ltr'>dominis</span> <span class='ocrx_word' id='word_1_286' title='bbox 418 3932 570 4024; x_wconf 89' lang='lat' dir='ltr'>Philippo</span> <span class='ocrx_word' id='word_1_287' title='bbox 593 3942 634 4003; x_wconf 91' lang='lat' dir='ltr'>de</span> <span class='ocrx_word' id='word_1_288' title='bbox 649 3938 837 4024; x_wconf 75' lang='lat' dir='ltr'>Wylughby</span> <span class='ocrx_word' id='word_1_289' title='bbox 852 3945 887 4002; x_wconf 90' lang='lat' dir='ltr'>et</span> <span class='ocrx_word' id='word_1_290' title='bbox 909 3939 1073 4022; x_wconf 88' lang='lat' dir='ltr'>magistris</span> <span class='ocrx_word' id='word_1_291' title='bbox 1097 3938 1263 3999; x_wconf 84' lang='lat' dir='ltr'>Willelmo</span> 
     </span>
     <span class='ocr_line' id='line_1_38' title="bbox 116 4034 1311 4118; baseline -0.005 -18"><span class='ocrx_word' id='word_1_292' title='bbox 116 4041 157 4101; x_wconf 91' lang='lat' dir='ltr'>de</span> <span class='ocrx_word' id='word_1_293' title='bbox 194 4038 382 4116; x_wconf 87' lang='lat' dir='ltr'>Greneseld,</span> <span class='ocrx_word' id='word_1_294' title='bbox 420 4035 569 4100; x_wconf 90' lang='lat' dir='ltr'>Johanne</span> <span class='ocrx_word' id='word_1_295' title='bbox 606 4038 647 4099; x_wconf 92' lang='lat' dir='ltr'>de</span> <span class='ocrx_word' id='word_1_296' title='bbox 677 4035 820 4118; x_wconf 85' lang='lat' dir='ltr'>Ebroyc’,</span> <span class='ocrx_word' id='word_1_297' title='bbox 852 4040 886 4097; x_wconf 90' lang='lat' dir='ltr'>et</span> <span class='ocrx_word' id='word_1_298' title='bbox 916 4036 1046 4096; x_wconf 91' lang='lat' dir='ltr'>domino</span> <span class='ocrx_word' id='word_1_299' title='bbox 1076 4034 1193 4115; x_wconf 85' lang='lat' dir='ltr'>Egidio</span> <span class='ocrx_word' id='word_1_300' title='bbox 1223 4035 1263 4095; x_wconf 93' lang='lat' dir='ltr'>de</span> <span class='ocrx_word' id='word_1_301' title='bbox 1309 4067 1311 4070; x_wconf 57' lang='lat'>&gt;</span> 
     </span>
     <span class='ocr_line' id='line_1_39' title="bbox 116 4130 1263 4216; baseline -0.006 -19"><span class='ocrx_word' id='word_1_302' title='bbox 116 4135 300 4197; x_wconf 88' lang='lat' dir='ltr'>Garderoba</span> <span class='ocrx_word' id='word_1_303' title='bbox 315 4131 522 4216; x_wconf 87' lang='lat' dir='ltr'>(Audenarde</span> <span class='ocrx_word' id='word_1_304' title='bbox 546 4130 748 4215; x_wconf 72' lang='lat' dir='ltr'>interliciat)</span> <span class='ocrx_word' id='word_1_305' title='bbox 763 4133 858 4193; x_wconf 87' lang='lat' dir='ltr'>dictae</span> <span class='ocrx_word' id='word_1_306' title='bbox 881 4131 1026 4192; x_wconf 87' lang='lat' dir='ltr'>eeclesiae</span> <span class='ocrx_word' id='word_1_307' title='bbox 1041 4131 1263 4191; x_wconf 88' lang='lat' dir='ltr'>concanonicis</span> 
     </span>
     <span class='ocr_line' id='line_1_40' title="bbox 118 4227 1263 4314; baseline -0.004 -20"><span class='ocrx_word' id='word_1_308' title='bbox 118 4231 247 4314; x_wconf 83' lang='lat' dir='ltr'>praefato</span> <span class='ocrx_word' id='word_1_309' title='bbox 267 4231 321 4292; x_wconf 91' lang='lat' dir='ltr'>die</span> <span class='ocrx_word' id='word_1_310' title='bbox 348 4231 439 4293; x_wconf 87' lang='lat' dir='ltr'>Jovis</span> <span class='ocrx_word' id='word_1_311' title='bbox 463 4230 651 4292; x_wconf 91' lang='lat' dir='ltr'>nullatenus</span> <span class='ocrx_word' id='word_1_312' title='bbox 677 4228 889 4311; x_wconf 89' lang='lat' dir='ltr'>personaliter</span> <span class='ocrx_word' id='word_1_313' title='bbox 916 4227 1187 4307; x_wconf 87' lang='lat' dir='ltr'>comparentibus,</span> <span class='ocrx_word' id='word_1_314' title='bbox 1204 4249 1263 4289; x_wconf 89' lang='lat' dir='ltr'>neo</span> 
     </span>
    </p>
   </div>
   <div class='ocr_carea' id='block_1_12' title="bbox 120 4317 1279 4409">
    <p class='ocr_par' dir='ltr' id='par_1_13' title="bbox 120 4317 1279 4409">
     <span class='ocr_line' id='line_1_41' title="bbox 120 4317 1279 4409; baseline -0.002 -20"><span class='ocrx_word' id='word_1_315' title='bbox 120 4328 314 4389; x_wconf 90' lang='lat' dir='ltr'>sufficienter</span> <span class='ocrx_word' id='word_1_316' title='bbox 341 4327 520 4389; x_wconf 89' lang='lat' dir='ltr'>secundum</span> <span class='ocrx_word' id='word_1_317' title='bbox 543 4326 627 4409; x_wconf 88' lang='lat' dir='ltr'>juris</span> <span class='ocrx_word' id='word_1_318' title='bbox 658 4325 860 4407; x_wconf 85' lang='lat' dir='ltr'>exigenciam</span> <span class='ocrx_word' id='word_1_319' title='bbox 890 4344 948 4404; x_wconf 93' lang='lat' dir='ltr'>pro</span> <span class='ocrx_word' id='word_1_320' title='bbox 980 4341 1012 4382; x_wconf 90' lang='lat' dir='ltr'>se</span> <span class='ocrx_word' id='word_1_321' title='bbox 1043 4317 1279 4404; x_wconf 75' lang='lat' dir='ltr'>mittentibus,</span> 
     </span>
    </p>
   </div>
   <div class='ocr_carea' id='block_1_13' title="bbox 185 4449 774 4598">
    <p class='ocr_par' dir='ltr' id='par_1_14' title="bbox 185 4449 774 4598">
     <span class='ocr_line' id='line_1_42' title="bbox 615 4449 774 4519; baseline -0.006 -16"><span class='ocrx_word' id='word_1_322' title='bbox 615 4451 624 4482; x_wconf 87' lang='lat'>¹</span> <span class='ocrx_word' id='word_1_323' title='bbox 644 4449 774 4519; x_wconf 79' lang='lat' dir='ltr'>illegible.</span> 
     </span>
     <span class='ocr_line' id='line_1_43' title="bbox 185 4547 701 4598; baseline -0.008 -1"><span class='ocrx_word' id='word_1_324' title='bbox 185 4551 256 4598; x_wconf 86' lang='lat' dir='ltr'>VOL.</span> <span class='ocrx_word' id='word_1_325' title='bbox 271 4551 307 4597; x_wconf 86' lang='lat'>11.</span> <span class='ocrx_word' id='word_1_326' title='bbox 682 4547 701 4593; x_wconf 85' lang='lat' dir='ltr'>C</span> 
     </span>
    </p>
   </div>
   <div class='ocr_carea' id='block_1_14' title="bbox 0 0 1555 5032">
    <p class='ocr_par' dir='ltr' id='par_1_15' title="bbox 0 0 1555 5032">
     <span class='ocr_line' id='line_1_44' title="bbox 0 0 1555 5032; baseline 0 0"><span class='ocrx_word' id='word_1_327' title='bbox 0 0 1555 5032; x_wconf 95' lang='lat' dir='ltr'> </span> 
     </span>
    </p>
   </div>
  </div>
 </body>
</html>
