3074 5032
273 333 446 386 nxraacrs
472 332 569 383 raon
596 331 691 383 rona
717 332 929 397 nnarsrnas3
955 333 1108 384 usuros.
1146 364 1148 366 ψ
1390 316 1436 389 97

108 499 302 567 canonicum
325 501 422 563 dictae
445 501 588 562 ecclesiae
611 505 728 563 nostrae
753 507 788 564 et
806 501 1062 582 praebendarium
1081 501 1260 583 praebendae
1285 510 1388 559 Thomas

110 601 151 662 de
174 597 365 679 Nonnewyk
390 598 426 658 in
451 597 575 674 eadem,
599 597 685 678 quod
712 598 825 659 eodem
851 598 903 658 die
929 602 1130 679 compareret
1154 618 1260 659 coram
1285 569 1412 678 ffiffid

109 696 203 760 nobis
224 696 261 758 in
283 693 386 756 forma
407 694 575 756 citacionis
597 699 715 755 nostrae
737 694 962 775 peremptoriae
987 692 1174 777 hujusmodi
1197 695 1259 756 sibi
1284 690 1409 791 “2²1³th

110 791 214 869 factae,
229 811 266 852 ac
280 788 418 853 titulum
441 793 475 851 et
497 789 606 851 literas
623 790 663 851 de
678 790 796 871 quibus
811 790 1024 871 praemittitur
1038 810 1144 851 coram
1166 791 1259 852 nobis
1284 760 1403 852 hrhlfffl'

110 885 289 964 exhiberet,
304 882 469 966 nichilque
490 905 548 966 per
564 905 608 963 se,
623 905 683 946 nec
699 904 739 946 ex
753 889 845 966 parte
861 885 972 946 suade
991 885 1164 965 praemissis
1179 891 1259 947 ωηο

111 1004 168 1046 seu
191 985 304 1064 postea
328 986 456 1042 ostenso
481 1000 537 1042 seu
561 978 707 1042 exhibito
731 1000 836 1042 coram
863 980 967 1058 nobis,
991 1000 1186 1062 quamquam
1217 982 1258 1043 ad

109 1076 330 1142 exhibendum
351 1079 385 1137 et
407 1076 644 1138 ostendendum
658 1080 738 1137 tunc
753 1095 859 1136 coram
874 1076 966 1137 nobis
981 1073 1168 1158 hujusmodi
1185 1097 1258 1140 suos

108 1173 248 1236 titulum
267 1176 301 1234 et
322 1172 432 1233 literas
458 1172 485 1233 si
508 1191 587 1252 quos
610 1169 745 1233 haberet
768 1169 885 1233 fuisset
907 1190 980 1252 pars
1004 1170 1076 1253 ejus
1099 1172 1199 1233 citata
1223 1177 1258 1234 et

109 1268 257 1354 legitime
272 1266 477 1349 praemunita,
491 1270 588 1348 prout
603 1287 659 1348 per
674 1265 936 1328 certificatorium
951 1271 1096 1328 vestrum
1114 1266 1205 1329 nobis
1220 1269 1257 1329 in

108 1361 168 1426 hac
182 1367 273 1445 parte
288 1362 447 1424 directum
462 1362 590 1443 plenius
604 1362 726 1443 poterit
740 1382 902 1443 apparere.

175 1459 242 1520 Nos
258 1478 298 1519 ex
312 1455 388 1534 hiis,
404 1461 438 1518 et
452 1456 537 1518 fama
551 1457 682 1538 publica
696 1458 737 1519 ad
752 1455 812 1519 hoc
827 1460 1009 1536 assistente,
1024 1462 1255 1541 praesumentes
1280 1469 1334 1526 We,
1344 1485 1397 1530 pre·

109 1554 194 1637 quod
209 1554 318 1615 dictus
333 1550 472 1613 Thomas
488 1552 528 1614 de
552 1551 711 1614 Sabaudia
733 1551 835 1614 nichil
854 1553 938 1634 juris
953 1559 1033 1615 tunc
1057 1552 1172 1616 habuit
1195 1575 1255 1616 nec
1280 1543 1430 1635 {ffinfifihu

108 1647 208 1713 habet
230 1650 266 1709 in
281 1647 452 1730 praebenda
470 1648 663 1729 supradicta,
678 1649 838 1730 praecipue
853 1645 964 1733 (oum)
984 1669 1084 1729 penes
1107 1653 1255 1710 nostrum
1279 1647 1422 1716 nqrightro
1463 1640 1465 1644 ’

108 1746 285 1829 registrum
307 1741 409 1804 nichil
433 1743 618 1805 inveniatur
639 1742 680 1806 de
702 1743 836 1820 eisdem,
851 1743 941 1806 vobis
964 1744 1199 1806 committimus
1222 1750 1256 1806 et
1280 1705 1431 1816 llhdfdireer

108 1840 298 1902 mandamus
314 1839 467 1920 quatinus
483 1839 608 1900 dictum
623 1837 780 1900 Thomam
799 1839 839 1900 de
864 1838 1025 1901 Sabaudia
1039 1841 1255 1921 peremptorie
1280 1835 1331 1926 {le
1339 1826 1364 1869 to
1375 1824 1423 1870 Μ’

108 1936 219 1998 citetis
246 1956 302 1998 seu
329 1936 420 1996 citari
441 1932 576 2010 faciatis,
598 1935 624 1996 si
648 1933 860 2016 personaliter
884 1934 1079 2009 inveniatur,
1102 1934 1164 2011 vel,
1186 1935 1256 2016 ipso

108 2031 253 2110 absente,
268 2035 506 2114 procuratorem
531 2049 626 2092 suum
654 2031 681 2092 si
706 2051 803 2112 quem
828 2029 989 2092 dimiserit
1012 2031 1047 2091 iu
1070 2028 1131 2091 hac
1153 2036 1255 2113 parte.

108 2128 261 2209 Alioquin
285 2146 392 2188 coram
415 2127 502 2188 notis
525 2127 637 2188 amicis
663 2129 697 2188 et
720 2127 836 2188 vicinis
859 2127 936 2203 suis,
960 2129 994 2188 et
1018 2127 1195 2208 praesertim
1219 2128 1255 2187 in

109 2223 242 2285 ecclesia
271 2226 381 2283 nostra
404 2221 529 2303 Rypon'
552 2222 716 2302 praedicta,
739 2222 902 2303 proposito
928 2223 1150 2304 peremptoriae
1175 2223 1255 2284 cita-

108 2320 209 2382 cionis
235 2317 340 2380 edicto
370 2317 456 2398 quod
486 2322 668 2398 compareat
697 2337 804 2378 coram
833 2316 925 2379 nobis
955 2317 1008 2379 vel
1037 2318 1255 2380 commissario

107 2420 228 2492 nostro,
247 2418 305 2475 aut
328 2411 566 2489 commissariis,
586 2411 734 2493 pluribus
757 2415 815 2474 aut
829 2433 906 2492 unc,
922 2418 1036 2494 quarto
1058 2413 1111 2475 die
1133 2414 1253 2476 mensis
1278 2430 1400 2485 toappear

107 2509 255 2573 Octobris
279 2529 367 2591 prox.
390 2508 501 2570 futuro
520 2528 579 2589 pro
603 2509 743 2570 termino
761 2509 893 2589 praeciso
913 2514 947 2570 et
970 2510 1196 2591 peremptorio,
1218 2508 1254 2570 in
1279 2486 1413 2603 {gfff}

106 2607 251 2669 manerio
277 2609 386 2666 nostro
413 2605 453 2666 de
479 2601 596 2686 Thorp‘
621 2603 718 2686 juxta
744 2603 850 2682 Ebor.,
876 2624 1004 2666 causam
1027 2605 1253 2667 racionabilem
1277 2604 1399 2706 Plrfflhf‘

107 2722 205 2784 quam
229 2706 264 2763 et
288 2698 441 2781 quicquid
460 2697 545 2780 juris
568 2704 603 2762 et
626 2700 817 2761 canonicum
839 2720 897 2781 pro
922 2721 955 2762 se
978 2698 1140 2778 habuerit,
1155 2720 1253 2783 quare
1278 2676 1355 2710 carm.

106 2799 217 2879 ipsum
231 2795 333 2858 nichil
344 2796 428 2878 juris
443 2815 501 2877 pro
517 2816 550 2857 se
565 2793 683 2858 habere
699 2797 852 2877 reputari,
868 2801 902 2858 et
916 2816 937 2857 a
950 2796 1047 2858 dictis
1062 2798 1253 2859 canonicatu

107 2898 143 2956 et
165 2893 345 2974 praebenda,
367 2912 447 2973 quos
468 2891 508 2953 de
531 2890 616 2954 facto
638 2897 743 2969 tenet,
758 2892 894 2953 minime
920 2891 1037 2953 debeat
1055 2892 1194 2953 amoveri
1218 2893 1253 2951 in

106 2989 210 3050 forma
220 2987 304 3069 juris
319 2992 517 3066 ostensurus,
532 2989 763 3069 propositurus,
779 3008 815 3050 ac
831 2992 991 3068 quatenus
1009 2986 1138 3069 justum
1153 2986 1254 3048 fuerit

105 3084 312 3167 probaturus,
321 3082 464 3145 facturus
478 3083 614 3146 ulterius
631 3089 665 3146 et
680 3089 867 3165 recepturus
882 3082 968 3163 quod
984 3083 1161 3142 secundum
1172 3102 1253 3162 prae-

106 3181 281 3241 missorum
293 3178 484 3259 qualitatem
499 3183 534 3240 et
544 3184 693 3241 naturam
709 3179 868 3241 canonicis
883 3177 1070 3239 convenerit
1080 3178 1253 3254 institutiS,

105 3280 141 3337 et
152 3274 288 3356 justicia
304 3272 460 3336 suadebit.
497 3275 687 3337 Terminum
699 3296 773 3338 vero
784 3273 1039 3356 peremptorium
1048 3272 1251 3353 praedictum,

106 3390 182 3432 cum
209 3368 287 3430 facti
313 3367 461 3450 qualitas,
488 3374 522 3432 et
551 3372 688 3433 evitacio
717 3370 853 3452 periculi
875 3369 1066 3447 animarum,
1093 3367 1252 3450 dictaeque

106 3464 287 3548 praebendae
310 3464 447 3527 diutinae
465 3467 643 3529 vacacionis
668 3466 875 3548 dispendium
899 3465 933 3527 id
957 3467 1191 3546 exposcentes
1214 3486 1253 3527 ex

107 3562 180 3622 aliis
195 3561 300 3623 causis
315 3561 472 3643 legitimis
494 3563 529 3622 in
554 3566 674 3625 eventu
699 3563 726 3624 si
750 3582 880 3624 necesse
904 3561 1004 3623 fuerit
1025 3562 1252 3624 declarandum

108 3658 153 3718 sic
173 3657 323 3719 duximus
339 3656 584 3734 moderandum,
607 3658 647 3720 de
662 3658 715 3720 die
731 3678 806 3720 vero
820 3658 1016 3738 recepcionis
1030 3660 1253 3739 praesencium,

108 3757 143 3814 et
168 3753 324 3814 citacione
355 3751 450 3830 facta,
481 3773 517 3814 ac
547 3753 686 3834 qualiter
714 3773 854 3834 praesens
884 3753 1075 3815 mandatum
1104 3758 1252 3816 nostrum

105 3848 234 3910 fueritis
259 3849 397 3925 executi,
416 3868 486 3925 nos,
504 3848 760 3911 commissarium
782 3853 841 3910 aut
863 3849 1096 3910 commissarios
1116 3855 1251 3926 nostros,

107 3964 210 4005 unum
225 3944 276 4005 vel
291 3945 410 4026 plures,
426 3945 580 4007 distincte
597 3950 631 4006 et
640 3951 750 4027 aperte
766 3945 847 4006 citra
862 3945 986 4007 dictum
1001 3945 1089 4006 diem
1103 3945 1252 4026 legitime

106 4039 290 4100 certificetis
316 4060 375 4120 per
397 4044 520 4102 vestras
545 4039 656 4101 literas
682 4045 845 4122 patentes,
868 4037 983 4101 harum
1009 4039 1125 4100 seriem
1149 4039 1253 4098 conti-

106 4139 232 4196 nentes.
276 4135 403 4197 Valete.
448 4136 523 4197 Dat.
551 4135 636 4215 apud
662 4134 779 4217 Thorp’
801 4135 898 4217 juxta
927 4135 1021 4196 Ebor.
1052 4133 1120 4215 xiiij
1146 4131 1252 4197 Kal’n.

105 4231 189 4314 Aug.
205 4231 299 4292 Αηηο
314 4231 447 4292 Domini
462 4231 637 4293 millesimo
651 4253 713 4294 ccc.
729 4230 840 4312 xxviij,
855 4233 888 4291 et
904 4233 993 4310 pont.
1009 4229 1111 4289 nostri
1126 4227 1182 4311 xj0.

173 4419 286 4503 Papcl
306 4418 484 4505 proviciae
500 4422 562 4505 for
582 4421 649 4484 Ma.
673 4420 793 4485 Robert
816 4420 856 4484 de
877 4418 1116 4504 Bridela'aaqtora
1137 4418 1180 4486 ira
1202 4419 1253 4486 aaa
1278 4428 1334 4491 (⁹2)

173 4531 245 4578 voa.
262 4532 297 4578 11.
378 4548 380 4552 ·
675 4533 697 4578 s
