3030 5010
651 323 860 376 MEMORIALS
885 323 930 376 Ol*
956 322 1076 376 RlPOb'.

290 495 460 575 capitulari
474 495 579 577 primo
594 493 648 556 die
664 494 784 556 mensis
800 493 904 572 Junii,
920 494 1015 555 Anno
1029 494 1162 555 Domini
1177 495 1367 574 Millesimo,
1384 499 1453 559 etc.

291 589 385 651 lxxv?

111 695 228 767 astraca-
356 686 441 759 Quas
464 688 596 769 quidem
619 687 731 750 literas
758 691 794 749 et
820 692 975 749 contenta
998 689 1033 749 in
1059 687 1181 749 eisdem
1207 707 1266 749 nos
1288 689 1328 749 A.
1351 687 1453 749 Ebor-

112 755 264 872 3303ὺῖ333
289 779 545 865 archiepiscopus
566 785 781 865 supradictus,
796 781 909 845 habito
923 785 1014 865 prius
1028 803 1104 845 cum
1114 782 1329 865 juris-peritis
1351 801 1454 864 super

288 879 460 958 praemissis
475 884 615 941 tractatu
630 900 666 940 ac
682 879 917 941 deliberacione
940 879 1089 960 pleniori,
1104 879 1316 956 ratificamus,
1331 898 1452 960 appro-

288 971 412 1050 bamus,
422 980 456 1034 et
467 978 629 1055 quantum
645 976 680 1036 in
695 975 789 1037 nobis
798 981 850 1037 est
859 980 970 1036 tenore
981 975 1194 1056 praesencium
1205 973 1453 1058 confirmamus,

285 1066 371 1149 jure,
382 1068 623 1149 jurisdicoione,
639 1070 814 1154 dignitate,
826 1091 863 1132 ao
875 1070 1027 1132 libertate
1035 1070 1120 1152 juris
1130 1076 1164 1132 et
1174 1070 1316 1132 ecclesiae
1328 1075 1453 1132 nostrae

289 1163 384 1225 Ebor.
401 1165 436 1224 in
452 1165 604 1226 omnibus
620 1186 748 1247 semper
764 1166 869 1228 salvis.

357 1260 396 1321 ln
420 1260 514 1342 cujus
535 1262 583 1322 rei
609 1263 837 1323 testimonium
868 1262 1015 1346 sigillum
1037 1265 1186 1324 nostrum
1213 1260 1353 1324 fecimus
1382 1260 1451 1324 hiis

290 1356 418 1436 apponi.
464 1355 539 1417 Dat.
555 1357 588 1417 in
605 1358 750 1419 manerio
761 1363 871 1418 nostro
886 1358 972 1439 apud
988 1356 1111 1435 Cawod,
1123 1361 1238 1439 quarto
1254 1357 1307 1419 die
1322 1358 1450 1420 mensis

291 1451 421 1533 Aprilis,
445 1453 540 1513 Anno
562 1453 694 1514 Domini
717 1452 894 1514 Millesimo
916 1459 1005 1514 ccc¹¹¹⁰
1026 1453 1081 1514 lxx
1101 1453 1252 1534 septimo,
1268 1457 1305 1513 et
1326 1460 1449 1517 nostroe

291 1550 542 1610 consecracionis
557 1549 668 1611 tercie.

117 1725 144 1783 (a
155 1724 190 1783 v.)
358 1715 548 1792 Alexander,
563 1720 625 1778 etc.
642 1715 761 1778 dilecto
776 1716 844 1778 filio
859 1716 991 1778 domino
1006 1716 1028 1779 J
1029 1714 1149 1778 ohanni
1165 1715 1272 1798 Clynt,
1287 1720 1451 1798 perpetuo

115 1782 245 1890 iffi&
292 1811 456 1893 capellano
471 1813 619 1874 cantariae
635 1813 676 1874 ad
691 1813 791 1874 altere
808 1812 918 1875 Sancti
939 1813 1075 1874 Andreae
1097 1812 1242 1894 Apostoli
1258 1812 1294 1873 in
1309 1812 1451 1875 ecclesia

120 1923 231 1979 Qunam
291 1907 462 1990 collegiata
477 1907 602 1990 Ripon’,
619 1908 768 1984 salutem,
784 1909 936 1992 graciam,
952 1915 986 1969 et
1001 1908 1275 1969 benediccionem.
1317 1908 1451 1971 literas

115 1982 257 2102 mm
292 2002 382 2064 bonae
404 2004 568 2064 memoriae
590 2003 716 2064 domini
739 2001 898 2066 Johannis
913 2003 954 2064 de
970 2000 1145 2084 Thoresby,
1160 2002 1343 2064 immediati
1359 2024 1448 2085 prae·

108 2102 232 2202 s⁰⁰²tnff⁷
291 2098 463 2158 decessoris
486 2099 599 2175 nostri,
623 2099 727 2179 ipsius
754 2098 861 2182 sigillo
891 2099 1034 2181 signatas
1055 2098 1267 2179 inspeximus,
1293 2104 1448 2161 tenorem

115 2159 237 2262 mm*
291 2194 347 2273 qui
363 2194 508 2274 sequitur
522 2213 580 2274 per
595 2195 702 2254 omnia
716 2194 943 2256 continentes.¹

114 2275 243 2392 33ξῇ
357 2285 553 2364 ‘Johannes,
578 2288 788 2369 permissione
817 2290 946 2366 Divina,
973 2297 1035 2351 etc.
1062 2288 1182 2351 dilecto
1211 2288 1279 2350 filio
1309 2289 1449 2353 domino

113 2393 266 2495 mudan-
290 2381 433 2445 Johanni
458 2382 557 2459 Clint,
581 2390 739 2464 perpetuo
763 2384 928 2466 capellano
958 2386 1110 2446 cantariae
1136 2385 1177 2446 ad
1200 2384 1303 2446 altare
1330 2384 1448 2449 Sancti

115 2510 230 2568 mm
290 2478 427 2540 Andreae
449 2479 597 2559 Apostoli
620 2479 654 2538 in
678 2479 812 2541 ecclesia
834 2489 944 2542 nostra
961 2480 1131 2562 collegiata
1147 2479 1273 2561 Ripon’,
1291 2480 1448 2560 salutem,

61 2590 66 2600 ¹
115 2573 244 2671 mmm
290 2575 441 2656 graciam,
473 2579 507 2635 et
536 2574 808 2637 benediccionem.
853 2577 947 2637 Licet
984 2577 1019 2637 in
1057 2577 1260 2637 ordinacione
1290 2578 1448 2639 cantaria!

115 2684 267 2754 amatori·
290 2669 450 2749 praedictae
485 2671 572 2730 inter
604 2670 668 2731 alia
689 2672 905 2749 contineatur,
935 2672 1021 2753 quod
1051 2676 1090 2732 tu
1120 2692 1177 2753 pro
1207 2675 1354 2752 ternpore
1386 2677 1449 2735 tuo

115 2749 266 2846 ᾚζζὶωὲ
291 2765 441 2843 tenearis,
491 2769 526 2827 et
571 2765 710 2847 quilibet
754 2766 885 2828 futurus
931 2786 1091 2829 successor
1135 2773 1212 2828 tuus
1257 2767 1450 2848 capellanus

138 2860 269 2965 &⁹⁸ss⁶
291 2861 441 2921 cantaria>
461 2862 622 2942 praedictae
645 2863 701 2943 qui
724 2882 782 2944 pro
806 2867 950 2944 tempore
974 2864 1037 2924 erit
1057 2868 1208 2924 teneatur
1232 2863 1451 2944 personaliter

114 2933 230 3048 baalim
254 2935 267 2963 Γ
291 2956 447 3017 interesse
487 2956 624 3040 singulis
663 2956 750 3019 horis
792 2959 952 3019 canonicis
991 2959 1026 3018 in
1065 2956 1161 3020 choro
1201 2958 1298 3019 dictae
1339 2960 1449 3022 eccle·

173 3053 203 3092 '¹⁸’
216 3052 231 3081 ²¹
292 3052 346 3114 siae
382 3057 501 3115 nostrae
538 3052 750 3132 celebrandis,
784 3074 821 3115 ae
855 3054 957 3115 eciam
994 3053 1251 3135 processionibus
1283 3055 1320 3115 in
1354 3055 1449 3119 dicta

138 3052 144 3081 Ι

109 3101 266 3238 ffibphop
292 3147 426 3209 ecclesia
454 3147 610 3211 faciendis
639 3151 675 3210 in
705 3147 822 3212 habitu
852 3150 937 3210 sicut
973 3150 1082 3210 caeteri
1118 3150 1260 3210 ministri
1298 3149 1448 3214 ecclesiae

114 3235 257 3342 Thffl’e
290 3244 464 3325 praedictae,
489 3251 523 3308 et
546 3246 587 3308 ad
618 3246 652 3308 id
682 3245 867 3307 faciendum
892 3244 1118 3326 juramentum
1147 3245 1341 3326 praestiteras
1373 3267 1448 3309 cor·

114 3294 257 3438 lgm,
290 3339 397 3420 porale
416 3340 514 3421 juxta
538 3340 675 3402 formam
701 3341 914 3403 ordinacionis
936 3341 1116 3422 praedictae3
1140 3340 1207 3402 Nos
1222 3347 1345 3419 tamen,
1366 3363 1448 3406 con-

115 3393 254 3551 pipfuugfor
291 3435 467 3494 siderantes
486 3436 571 3515 quod
589 3441 627 3496 tu
646 3456 704 3516 per
723 3436 867 3499 diutinos
889 3435 1012 3499 labores
1034 3442 1108 3497 tuos
1130 3442 1166 3498 et
1187 3436 1384 3499 industriam
1407 3440 1447 3502 in

117 3554 158 3611 (6)
290 3524 351 3588 hac
365 3534 458 3608 parte
474 3529 637 3609 appositos
660 3531 781 3592 dictam
804 3531 979 3593 cantariam
1002 3533 1205 3613 augmentari
1227 3551 1293 3593 non
1316 3534 1448 3596 medio-

114 3611 249 3716 {iodim
290 3623 387 3684 oriter
402 3626 578 3705 procurasti
594 3629 628 3686 et
643 3624 760 3702 fecisti,
777 3628 865 3689 etad
881 3624 940 3688 hoc
962 3633 1065 3688 certas
1085 3627 1196 3689 domos
1216 3634 1448 3710 competentes

114 3728 239 3774 Androna
291 3723 326 3779 et
340 3715 492 3780 honestas
506 3740 564 3800 pro
578 3718 816 3784 inhabitacione
831 3722 989 3803 capellani
1013 3723 1107 3785 dictae
1129 3724 1290 3801 cantariae,
1305 3725 1362 3806 qui
1384 3746 1449 3807 pro

115 3787 234 3903 {22¹2ssss
290 3818 436 3895 tempore
461 3817 533 3892 erit,
549 3817 617 3877 tuis
641 3819 767 3899 magnis
791 3817 975 3899 sumptibus
1000 3825 1035 3879 et
1061 3820 1209 3900 expensis
1235 3821 1374 3901 propriis
1402 3822 1448 3886 de

114 3904 205 4009 2⁰2¹oe
215 3918 242 3950 ⁸⁸
290 3929 373 3972 novo
388 3913 530 3972 construi
546 3915 580 3972 et
595 3912 743 3974 aedificari
764 3912 881 3992 fecisti,
898 3920 933 3974 et
948 3920 1064 3994 praeter
1079 3912 1147 3975 haec
1162 3914 1255 3976 nobis
1278 3916 1313 3976 in
1336 3916 1449 3981 officio

114 3979 218 4093 allapsa
291 4004 476 4088 Receptoris
487 4009 591 4069 nostri
603 4007 720 4090 Ripon'
728 4029 785 4090 per
796 4009 892 4092 longa
901 4016 1046 4090 tempora
1053 4008 1180 4091 jugiter
1192 4016 1225 4070 et
1234 4009 1451 4077 laudabiliter

114 4095 223 4138 reservor,
289 4101 459 4165 deservisti
470 4126 480 4180 ;
510 4109 544 4165 et
571 4104 715 4166 volentes
741 4110 896 4186 praeterea
919 4111 1056 4185 optentu
1082 4106 1320 4185 praemiasorum
1343 4115 1449 4189 prout

288 4197 426 4280 dignum
456 4201 648 4262 arbitramur
676 4201 738 4263 tibi
768 4201 907 4283 graciam
937 4199 1039 4260 facere
1071 4199 1254 4280 specialem,
1285 4206 1324 4262 ut
1354 4201 1448 4269 horis

113 4312 249 4360 bersabe
289 4296 449 4357 canonicis
465 4297 602 4358 indicto
622 4295 716 4358 choro
736 4296 923 4378 psallendis,
941 4294 994 4355 vel
1014 4295 1269 4376 processionibus
1291 4297 1328 4358 in
1351 4300 1448 4365 dicta

365 4428 407 4498 (1)
424 4428 481 4482 The
492 4428 590 4482 Fditor
601 4430 649 4483 has
661 4436 710 4482 not
722 4429 804 4482 found
818 4428 873 4482 this
885 4429 988 4482 licance
1000 4430 1029 4482 in
1041 4427 1200 4499 Thoresby's
1212 4428 1347 4499 Register.
