3074 5032
635 335 842 388 MEMORIALS
868 335 913 387 OF
939 335 1057 387 RIPON.

277 523 314 564 ea
336 524 408 585 quae
430 503 534 565 divini
557 504 664 564 cultus
693 509 908 586 augmentum
925 507 959 564 et
982 503 1120 564 salutem
1145 505 1325 586 respiciunt
1351 504 1425 568 ani-¹

276 619 403 660 marum
428 600 536 680 pronis
563 600 732 662 affectibus
756 619 952 680 promovere,
968 599 1075 660 eidem
1100 599 1231 661 domino
1253 601 1358 664 David
1385 607 1424 664 111

276 695 346 774 ipse
362 694 449 756 dicta
463 697 631 778 mesuagia
653 717 728 757 011111
750 696 960 776 pertinenciis
975 695 1051 757 dare
1076 696 1179 776 possit
1202 701 1236 756 11
1258 698 1423 780 assignare

276 789 410 872 praefato
426 792 556 853 domino
571 793 592 855 J
593 790 713 854 ohanni
730 792 837 874 Olynt,
852 790 991 854 haband.
1008 796 1043 852 11
1065 793 1199 853 tenend.
1216 793 1329 855 sibiet
1350 814 1423 855 suc-

276 883 454 948 cessoribus
478 889 542 949 suis
565 889 738 969 capellanis
761 889 912 949 cantariae
938 888 1098 968 praedictae
1124 888 1234 950 divina
1259 889 1300 950 ad
1322 890 1424 952 altare

276 983 468 1064 praedictum
494 985 530 1045 in
552 982 653 1046 forma
673 985 750 1046 inde
772 983 919 1045 facienda
945 985 1187 1064 imperpetuum
1203 985 1424 1063 celebraturis,

279 1085 313 1139 et
336 1079 442 1140 eidem
457 1080 588 1141 domino
607 1078 759 1157 Johanni,
776 1080 861 1160 quod
887 1081 956 1159 ipse
980 1080 1134 1160 praedicta
1157 1082 1323 1165 mesuagio
1347 1103 1424 1143 cum

276 1175 485 1254 pertinenciis
509 1197 528 1236 a
550 1175 684 1256 praefato
700 1175 829 1236 domino
844 1176 985 1256 recipere
1008 1176 1110 1255 possit
1126 1180 1160 1236 et
1177 1181 1290 1237 tenere
1306 1177 1367 1238 sibi
1388 1185 1423 1241 11

278 1271 510 1332 successoribus
527 1271 592 1332 suis
608 1271 648 1331 de
664 1270 755 1332 nobis
771 1277 806 1331 11
822 1271 1054 1331 successoribus
1074 1273 1192 1332 nostris
1214 1292 1272 1352 per
1291 1273 1424 1335 servicia

276 1366 353 1427 inde
368 1365 478 1427 debita
500 1371 534 1426 11
556 1371 710 1427 consueta
727 1367 990 1447 imperpetuum3
1012 1367 1066 1428 Ita
1089 1374 1202 1428 tamen
1217 1368 1302 1448 quod
1316 1369 1423 1430 dictus

277 1462 427 1522 dominus
443 1460 608 1524 Johannes
624 1461 722 1544 Olynt
746 1467 780 1523 et
805 1482 1000 1523 successores
1025 1463 1074 1524 sui
1096 1463 1254 1544 capellani
1274 1465 1423 1527 cantariae

277 1557 449 1638 praedictae,
465 1558 522 1638 qui
539 1579 597 1639 pro
612 1563 756 1638 tempore
771 1556 906 1635 fuerint,
922 1559 956 1619 in
972 1561 1305 1640 recompensacionem
1321 1561 1425 1622 laesio-

104 1665 229 1712 Arenrof
279 1653 330 1713 nis
354 1653 496 1715 ecclesiae
520 1657 636 1715 nostrae
658 1654 753 1715 Ebor.
770 1658 805 1715 11
826 1658 956 1735 propter
978 1654 1251 1736 indempnitatem
1267 1655 1424 1737 ejusdem,

104 1727 238 1841 {ssssffpffifi
282 1750 407 1811 solvant
432 1750 524 1812 nobis
549 1755 583 1812 et
610 1750 842 1812 successoribus
869 1751 986 1811 nostris
1017 1751 1258 1832 imperpetuum
1289 1751 1425 1835 singulis

104 1843 259 1948 ffissffih'
281 1846 373 1907 annis
399 1845 440 1907 ad
462 1846 578 1928 Ripon’
593 1847 674 1908 duos
698 1846 813 1908 solidos
844 1847 885 1908 ad
910 1845 994 1908 festa
1017 1846 1227 1909 Pentecostes
1258 1852 1292 1908 et
1315 1848 1426 1910 Sancti

105 1916 191 2005 rorap
281 1943 417 2004 Martini
439 1942 474 2003 in
489 1941 607 2018 hieme,
622 1963 680 2024 per
702 1943 840 2024 aequales
866 1944 1042 2023 porciones,
1058 1943 1144 2004 ultra
1166 1945 1339 2024 antiquum
1354 1945 1426 2006 red-

280 2037 388 2099 ditum
404 2044 438 2099 et
461 2040 594 2099 servicia
605 2059 662 2119 pro
677 2036 741 2099 hiis
757 2038 827 2099 fieri
842 2042 1006 2114 consueta,
1018 2039 1199 2115 licenciam,
1215 2042 1425 2122 quantumin

280 2134 372 2195 nobis
403 2138 464 2209 est,
499 2137 611 2194 tenore
647 2135 858 2215 praesencium
888 2134 1092 2195 concedimus
1124 2135 1305 2216 specialem,
1340 2134 1425 2218 jure,

276 2226 514 2310 jurisdiccione,
530 2229 689 2301 libertate,
705 2230 886 2313 privilegio,
902 2234 937 2290 et
958 2228 1078 2292 honore
1093 2233 1211 2293 nostris
1228 2237 1261 2292 et
1282 2232 1425 2294 ecclesiae

280 2330 398 2384 nostrae
412 2324 573 2404 praedictae
588 2325 623 2384 in
639 2325 788 2386 omnibus
812 2345 939 2406 semper
955 2324 1059 2387 salvis.
1105 2326 1146 2387 In
1162 2327 1254 2409 cujus
1270 2329 1316 2390 rei
1331 2329 1425 2389 testi-

281 2421 426 2480 monium
451 2417 508 2480 has
531 2420 640 2480 literas
663 2426 786 2481 nostras
808 2427 958 2501 patentes
983 2420 1082 2502 sigilli
1106 2424 1209 2483 nostri
1229 2425 1424 2504 appensione

280 2514 418 2576 fecimus
442 2515 645 2576 communiri.
705 2514 778 2576 Dat.
801 2515 887 2596 apud
918 2513 1024 2596 Thorp
1050 2515 1145 2597 juxta
1173 2518 1269 2580 Ebor.
1301 2520 1426 2580 decimo

281 2611 335 2672 die
358 2611 479 2672 mensis
503 2609 632 2692 Aprilis,
648 2611 742 2670 Anno
772 2611 904 2671 Domini
929 2609 1211 2672 millesimocce‘u
1228 2616 1426 2695 sexagesimo

282 2726 378 2782 nono,
394 2710 428 2767 11
442 2710 558 2767 nostrae
573 2705 796 2766 translacionis
811 2705 936 2765 decimo
952 2709 1073 2766 octavo.

109 2883 166 2941 (11)
350 2871 516 2934 Universis
547 2873 664 2931 sanctae
688 2869 800 2930 matris
830 2868 981 2930 Ecclesiae
1007 2867 1083 2929 filiis
1113 2874 1288 2949 praesentes
1318 2869 1426 2930 literas

108 2953 220 3046 'stim
283 2967 487 3050 inspecturis,
502 2964 680 3042 Johannes,
694 2965 904 3046 permissione
921 2964 1031 3025 divina
1046 2964 1141 3026 Ebor.
1160 2963 1427 3047 archiepiscopus,

108 3059 194 3106 ³⁸¹¹·3·
283 3063 409 3147 Angliae
431 3063 560 3145 primas,
576 3067 638 3124 etc.
655 3061 793 3122 salutern
813 3061 848 3121 in
864 3060 995 3122 sinceris
1021 3059 1222 3142 amplexibus
1245 3061 1427 3124 Salvatoris.

110 3142 243 3261 fimi?
284 3160 420 3222 Noverit
435 3160 627 3220 universitas
639 3162 746 3219 vestra
757 3157 842 3239 quod
855 3177 930 3218 cum
941 3156 1075 3219 celebris
1091 3159 1253 3218 memoriae
1264 3157 1425 3234 Thomas,¹

110 3199 191 3330 aemi
284 3257 447 3338 quondam
461 3252 729 3334 Archiepiscopus
755 3253 862 3329 Ebor.,
882 3253 1096 3333 praedecessor
1113 3258 1233 3329 noster,
1254 3253 1341 3314 inter
1366 3252 1428 3313 alia

109 3321 236 3423 iinr'iinm
284 3353 462 3413 ordinasset
493 3361 527 3412 et
556 3351 609 3430 pie
636 3349 841 3432 decrevisset,
864 3347 950 3429 quod
977 3354 1085 3409 custos
1116 3347 1285 3429 hospitalis
1316 3348 1427 3409 Sancti

109 3434 234 3504 “mult
284 3444 442 3510 Johannis
472 3445 627 3525 Baptistae
657 3441 774 3523 Ripon'
796 3443 852 3522 qui
880 3462 938 3522 pro
965 3448 1110 3523 tempore
1137 3441 1237 3505 fuerit
1268 3444 1427 3505 sexdecim

108 3496 247 3619 ii‘n'bdfru'bii
284 3542 381 3604 boves
410 3561 468 3621 pro
490 3537 686 3620 agricultura
716 3535 884 3616 hospitalis
914 3537 1072 3617 praedicti,
1100 3543 1134 3599 et
1160 3538 1240 3598 duos
1268 3558 1375 3618 equos,
1394 3545 1428 3601 et

107 3610 225 3727 ἓξὲξ-311,
284 3638 349 3699 duo
364 3641 467 3696 aratra
482 3654 556 3695 011111
571 3632 666 3709 attil',
682 3651 807 3692 necnon
823 3650 925 3692 unum
941 3630 1124 3711 plaustrum
1147 3637 1182 3693 et
1202 3652 1301 3693 unam
1324 3654 1429 3695 carec-

112 3726 211 3794 ⁸“‘'0‘¹'.
284 3739 353 3795 tam
376 3753 450 3794 cum
473 3723 563 3792 ferris
590 3720 625 3789 11
650 3734 720 3789 1111
745 3726 852 3789 attilio
875 3725 986 3788 futuro
1018 3729 1190 3789 successori
1222 3748 1279 3790 suo
1302 3731 1427 3792 custodi

108 3785 246 3912 ’1111111111
284 3829 430 3911 ejusdem
453 3824 621 3906 hospitalis
637 3824 834 3904 relinqueret
861 3827 895 3884 et
917 3821 1101 3884 dimitteret
1126 3822 1259 3900 ibidem,
1282 3825 1317 3885 in
1333 3845 1429 3886 usum

109 3903 260 4019 1ῗῇᾞῇ
285 3932 320 3988 11
344 3924 522 3985 utilitatem
537 3940 716 4002 pauperum
732 3923 766 3980 et
783 3918 985 3979 infirmorum
1001 3918 1148 4000 ejusdem
1163 3917 1332 4001 hospitalis
1355 3942 1428 4001 per-

102 3977 226 4088 1111111
284 4027 385 4104 petuo
399 4017 625 4092 convertenda,
647 4021 742 4095 prout
765 4015 801 4074 in
822 4013 952 4076 decreto
970 4014 1049 4076 dicti
1067 4015 1306 4096 praedecessoris
1326 4017 1429 4077 nostri

150 4084 171 4122 a
181 4077 253 4135 asra.
283 4118 360 4180 inde
375 4113 522 4176 confecto
537 4111 665 4193 plenius
688 4110 884 4184 continetur,
899 4109 1092 4171 venerabilis
1109 4111 1157 4170 vir
1181 4116 1215 4172 et
1230 4111 1369 4173 dilectus
1394 4113 1427 4173 in

109 4233 227 4281 Dauara
285 4210 412 4276 Christo
435 4208 522 4270 filius
545 4207 696 4268 dominus
723 4205 827 4266 David
852 4204 893 4266 de
909 4204 1066 4283 Wollour,
1082 4207 1256 4267 canonicus
1284 4207 1429 4270 ecclesiae

108 4293 259 4409 ffifflger,
283 4315 399 4370 nostrae
422 4302 613 4367 cathedralis
629 4301 735 4379 Ebot,
752 4320 856 4382 nuper
868 4306 975 4361 custos
998 4299 1168 4382 hospitalis
1183 4303 1342 4383 praedicti,
1357 4324 1429 4384 pro-

480 4447 522 4515 (1)
543 4445 592 4500 Sec
605 4443 677 4514 Abp.
690 4442 857 4513 Gorbridge’s
869 4442 1004 4512 Register,
1016 4442 1110 4514 above,
1122 4461 1149 4514 p.
1163 4445 1206 4500 29,
