3074 5032
640 333 846 386 Munoalnns
871 334 916 386 ol*
940 333 1061 386 RIPON.

277 502 468 583 periculum,
489 502 706 567 intollerabile
730 503 975 583 detrimentum,
1002 507 1037 565 61
1061 500 1246 565 scandalum
1270 502 1429 584 plurimo·

278 619 362 660 rum.

270 754 282 778 0
342 695 393 756 Ad
415 695 647 776 inquirendum
666 695 769 777 igitur
785 695 819 755 in
835 694 946 757 debita
956 694 1041 778 juris
1056 695 1169 771 forma,
1185 699 1255 757 tam
1270 715 1328 776 per
1342 694 1430 755 viros

275 789 469 873 fidedignos,
484 791 616 853 61611666
640 792 742 852 661616
769 811 806 852 66
832 790 940 870 161666,
963 793 998 852 16
1018 791 1120 853 forma
1139 791 1224 874 juris
1242 791 1370 873 juratos
1392 795 1430 850 et

276 888 485 965 examinatos
514 908 572 969 per
602 908 681 970 quos
710 887 759 948 rei
789 887 908 949 veritas
931 889 1049 950 melius
1076 894 1111 951 61
1137 888 1326 950 evidenoins
1353 885 1431 947 sciri

275 984 407 1064 poterit,
423 1004 521 1064 quam
544 984 616 1045 aliis
639 983 891 1045 racionabilibus
913 983 1152 1067 legittimisque
1168 985 1230 1047 viis
1253 989 1289 1045 et
1310 983 1429 1059 modis,

278 1080 400 1140 vocatis
422 1080 512 1160 prius
528 1080 568 1141 ad
591 1078 651 1142 hoc
666 1080 707 1141 (16
725 1080 800 1161 jure
816 1081 977 1156 vocandis,
993 1081 1033 1142 de
1048 1082 1221 1163 praemissis
1243 1077 1429 1142 defectibus

279 1183 314 1237 ct
336 1176 452 1252 ruinis,
475 1181 510 1237 61
531 1177 712 1258 praesertim
728 1176 768 1237 ad
792 1195 889 1257 quem
905 1175 957 1238 vel
971 1177 1012 1238 ad
1035 1198 1115 1259 quos
1131 1175 1320 1259 hujusmodi
1334 1195 1429 1258 repa·

276 1272 372 1347 racio,
388 1273 599 1350 66661166616,
622 1271 768 1350 16166116,
793 1274 860 1334 sive
884 1274 1071 1335 emendacio
1087 1274 1230 1336 debeant
1251 1273 1428 1355 pertinere,

277 1364 551 1452 pertin(u)erunt,
574 1375 608 1430 61
630 1370 798 1451 pertinent
813 1370 848 1429 in
863 1371 1026 1450 praesenti,
1047 1370 1140 1452 eujus
1156 1369 1208 1432 vel
1223 1369 1428 1451 666161616-

277 1465 367 1526 curia
395 1465 592 1543 acciderunt,
619 1466 754 1548 aliisque
786 1466 932 1528 articulis
959 1471 993 1528 61
1017 1468 1271 1530 611661661666116
1300 1467 1335 1526 16
1365 1463 1427 1526 hae

207 1609 209 1613 .
277 1565 368 1643 parte
394 1563 592 1639 necessariis,
615 1563 656 1624 de
677 1561 752 1644 jure
776 1562 905 1641 debitis,
922 1568 956 1624 et
971 1565 1146 1642 consuetis,
1168 1583 1297 1626 necnon
1318 1563 1428 1643 ipsum

102 3779 175 3888 rr>

104 3873 215 3946 16166.

103 3960 159 4006 Feb.
173 3961 195 4005 4.

103 4042 255 4102 Indulyencia

100 4118 146 4162 pro
156 4117 216 4147 ccm-

100 4161 179 4221 puniti

104 4220 200 4266 66616616

104 4278 225 4338 6611661616

103 4336 199 4397 Ripcn’.

277 1656 329 1719 vel
344 1657 429 1739 ipsos
444 1679 541 1740 quem
556 1659 607 1720 vel
630 1679 709 1740 6666
732 1679 789 1741 per
811 1657 1000 1741 hujusmodi
1021 1661 1271 1742 inquisicionem
1293 1678 1352 1741 per
1371 1677 1429 1718 vos

278 1755 323 1816 sic
339 1753 479 1816 fiendam
494 1755 535 1816 ad
557 1753 745 1837 hujusmodi
766 1756 990 1837 reparacionis,
1013 1755 1211 1832 refeccionis,
1235 1756 1302 1816 sive
1318 1773 1430 1815 emen·

277 1851 420 1913 dacionis
450 1871 547 1912 onera
574 1851 760 1914 faciendum
789 1852 907 1928 166611,
937 1851 1083 1935 obligari,
1114 1856 1150 1914 et
1175 1851 1326 1912 obnoxios
1358 1869 1429 1912 6666
1474 1841 1477 1846 ’

277 1947 478 2023 inveneritis,
503 1952 537 2022 et
567 1967 704 2028 quorum
734 1946 840 2029 culpa,
868 1947 1079 2030 necligencia‚
1111 1952 1145 2009 61
1175 1947 1310 2022 1666116,
1340 1946 1429 2007 (11616

277 2043 372 2104 16166
388 2044 431 2104 611
445 2046 575 2105 causata
590 2049 625 2104 et
639 2043 802 2121 acciderit,
818 2065 874 2125 per
891 2045 1112 2126 suspensionis
1128 2049 1162 2106 et
1172 2043 1429 2105 excommunica-

276 2139 377 2199 cionis
402 2140 592 2214 sentencias,
608 2139 750 2220 aliasque
765 2161 916 2201 censuras
932 2142 1111 2217 canonicas,
1133 2160 1260 2201 necnon
1281 2159 1338 2220 per
1354 2138 1429 2199 661-

278 2253 443 2294 versorum
466 2254 596 2294 suorum
617 2233 795 2313 fructuum,
818 2254 939 2314 rerum,
962 2241 997 2297 61
1018 2236 1176 2299 bonorum
1199 2234 1283 2297 infra
1305 2235 1428 2296 dictam

277 2335 421 2390 nostram
436 2329 600 2391 dioecesim
616 2329 813 2412 ubicumque
837 2333 1052 2395 existencium
1076 2339 1180 2395 artam
1197 2331 1428 2414 sequestracio-

277 2446 364 2503 nem,
373 2425 414 2486 ad
428 2427 678 2506 reparacionem,
695 2428 982 2508 construccionem,
995 2434 1030 2491 et
1045 2430 1309 2491 emendacionem
1323 2428 1427 2489 ruinae

278 2531 313 2583 et
333 2520 522 2583 defectuum
544 2523 689 2603 praedict.
708 2523 907 2602 faciendum,
925 2524 1140 2588 effectualiter
1156 2523 1429 2606 compellandum,

277 2618 499 2696 coartandum,
526 2623 560 2680 et
585 2621 886 2702 constringendum,
912 2627 1091 2703 caeteraque
1118 2622 1225 2684 omnia
1248 2625 1283 2682 et
1301 2619 1430 2702 singula

276 2712 473 2791 faciendum,
489 2716 715 2795 exercendum,
732 2718 967 2797 exequendum,
991 2723 1025 2780 et
1041 2717 1289 2800 expediendum,
1305 2736 1377 2798 666
1392 2716 1429 2777 16

277 2811 452 2892 praemissis
482 2817 517 2872 et
546 2813 630 2873 circa
660 2833 698 2874 ea
726 2814 905 2875 necessaria
934 2813 1069 2892 fuerint,
1101 2835 1159 2876 seu
1188 2811 1431 2895 quomodolibet

278 2911 448 2988 oportuna,
464 2908 554 2971 vobis
570 2908 772 2991 conjunctim
793 2914 827 2972 61
849 2910 991 2988 divisim,
1007 2912 1047 2973 de
1063 2930 1201 2992 quorum
1216 2908 1432 2971 fidelitatibus

277 3007 311 3064 et
333 3004 664 3087 circumspeccionum
686 3006 856 3068 industriis
879 3007 1058 3089 plurimum
1077 3006 1280 3082 confidimus,
1296 3005 1429 3086 plenam

276 3099 314 3161 in
335 3100 474 3162 Domino
490 3103 727 3165 committimus
748 3109 957 3186 potestatem.
1002 3104 1078 3165 Dat.
1102 3104 1138 3165 in
1160 3101 1304 3184 hospicio
1319 3105 1430 3163 nostro

277 3214 375 3278 prope
404 3197 742 3278 westmonasterium,
781 3200 998 3262 sextodecimo
1035 3200 1088 3262 die
1118 3200 1240 3261 mensis
1270 3197 1430 3275 Januarii,

278 3292 372 3354 Anno
387 3293 519 3355 Domini
541 3295 719 3358 Μ111661166
733 3298 902 3374 cocceam,
919 3300 953 3358 et
967 3302 1086 3359 nostrae
1104 3296 1328 3359 translacionis
1344 3314 1429 3356 6666

277 3387 431 3449 vicesimo
446 3394 546 3451 661116.
1393 3412 1396 3421 ’

413 3638 605 3693 REGISTER
628 3641 678 3696 OF
702 3641 788 3696 ABP.
815 3644 862 3698 W.
886 3643 1021 3698 BOOTH.
1057 3659 1112 3699 16.
1133 3644 1299 3698 1452-1464.

344 3770 513 3834 Universis
537 3777 654 3834 sanctae
672 3774 786 3835 matris
802 3774 955 3838 Ecclesiae
973 3775 1049 3839 filiis
1064 3781 1240 3860 praesentes
1254 3775 1365 3836 literas
1380 3773 1431 3834 in·

279 3868 447 3951 specturis,
462 3868 658 3947 Willelmus,
674 3874 736 3932 616.
760 3871 900 3934 66161661
915 3873 950 3934 16
966 3893 1003 3935 66
1019 3895 1075 3956 per
1098 3894 1196 3956 quem
1221 3873 1264 3934 sit
1285 3871 1433 3933 remissio

278 3970 492 4048 peccatorum.
538 3967 675 4029 AEtemo
698 3968 858 4051 siquidem
880 3970 971 4032 Patri
993 3977 1165 4053 acceptum
1187 3971 1255 4033 fore
1270 3967 1433 4030 eredimus

277 4067 376 4145 atque
390 4066 520 4146 gratum
538 4063 699 4144 templum
715 4063 847 4126 Domini
862 4065 931 4127 Deo
947 4071 981 4128 et
996 4067 1146 4129 omnibus
1163 4066 1290 4130 Sanctis
1306 4064 1377 4147 ejus
1392 4064 1433 4126 ad

278 4159 391 4222 Divini
414 4158 522 4220 cultus
548 4165 765 4242 augmentum
788 4168 1023 4242 consecratum,
1050 4165 1086 4225 in
1113 4184 1177 4247 quo
1201 4164 1306 4225 oracio
1329 4161 1433 4223 fertur
1511 4215 1514 4221 .

275 4255 435 4333 fidelium,
449 4254 557 4317 1166116
581 4256 730 4319 661616116
746 4277 803 4340 pro
818 4259 901 4321 vivis
917 4264 952 4322 61
974 4260 1137 4323 (161666116
1161 4264 1378 4335 66666616161,
1397 4262 1433 4319 61

275 4352 468 4435 impetratur
478 4352 574 4415 venia
584 4352 709 4435 placato
718 4354 858 4417 Domino
868 4355 909 4417 de
918 4357 1070 4438 peccatis,
1081 4361 1278 4433 construere,
1287 4354 1431 4431 reficere,

276 4450 310 4526 61
324 4466 481 4528 reparare.
