<?xml version="1.0" encoding="UTF-8"?>
<!DOCTYPE html PUBLIC "-//W3C//DTD XHTML 1.0 Transitional//EN"
    "http://www.w3.org/TR/xhtml1/DTD/xhtml1-transitional.dtd">
<html xmlns="http://www.w3.org/1999/xhtml" xml:lang="en" lang="en">
 <head>
  <title>
</title>
<meta http-equiv="Content-Type" content="text/html;charset=utf-8" />
  <meta name='ocr-system' content='tesseract 3.04.00' />
  <meta name='ocr-capabilities' content='ocr_page ocr_carea ocr_par ocr_line ocrx_word'/>
</head>
<body>
  <div class='ocr_page' id='page_1' title='image "./memorialschurch02fowlgoog_0033.png"; bbox 0 0 3074 5032; ppageno 0'>
   <div class='ocr_carea' id='block_1_1' title="bbox 102 289 156 362">
    <p class='ocr_par' dir='ltr' id='par_1_1' title="bbox 102 289 156 362">
     <span class='ocr_line' id='line_1_1' title="bbox 102 289 156 362; baseline 0.037 -2"><span class='ocrx_word' id='word_1_1' title='bbox 102 289 156 362; x_wconf 82' lang='grc'>16</span> 
     </span>
    </p>
   </div>
   <div class='ocr_carea' id='block_1_2' title="bbox 56 485 232 944">
    <p class='ocr_par' dir='ltr' id='par_1_2' title="bbox 56 485 232 944">
     <span class='ocr_line' id='line_1_2' title="bbox 109 485 232 532; baseline -0.008 0"><span class='ocrx_word' id='word_1_2' title='bbox 109 485 232 532; x_wconf 81' lang='lat' dir='ltr'>Ministers</span> 
     </span>
     <span class='ocr_line' id='line_1_3' title="bbox 56 546 202 604; baseline -0.027 -10"><span class='ocrx_word' id='word_1_3' title='bbox 56 589 58 594; x_wconf 81' lang='grc'>,</span> <span class='ocrx_word' id='word_1_4' title='bbox 108 546 166 604; x_wconf 84' lang='lat' dir='ltr'><strong>only</strong></span> <span class='ocrx_word' id='word_1_5' title='bbox 176 546 202 590; x_wconf 91' lang='lat' dir='ltr'>in</span> 
     </span>
     <span class='ocr_line' id='line_1_4' title="bbox 107 616 183 660; baseline -0.026 -10"><span class='ocrx_word' id='word_1_6' title='bbox 107 616 183 660; x_wconf 87' lang='lat' dir='ltr'>name,</span> 
     </span>
     <span class='ocr_line' id='line_1_5' title="bbox 108 663 226 722; baseline 0 -14"><span class='ocrx_word' id='word_1_7' title='bbox 108 663 226 722; x_wconf 81' lang='lat' dir='ltr'>thirsting</span> 
     </span>
     <span class='ocr_line' id='line_1_6' title="bbox 108 722 202 780; baseline 0 -14"><span class='ocrx_word' id='word_1_8' title='bbox 108 722 144 766; x_wconf 85' lang='lat' dir='ltr'>for</span> <span class='ocrx_word' id='word_1_9' title='bbox 154 735 202 780; x_wconf 90' lang='lat' dir='ltr'>pay</span> 
     </span>
     <span class='ocr_line' id='line_1_7' title="bbox 107 781 178 825; baseline 0 -1"><span class='ocrx_word' id='word_1_10' title='bbox 107 781 178 825; x_wconf 88' lang='lat' dir='ltr'>while</span> 
     </span>
     <span class='ocr_line' id='line_1_8' title="bbox 107 839 215 898; baseline 0 -15"><span class='ocrx_word' id='word_1_11' title='bbox 107 839 215 898; x_wconf 81' lang='lat' dir='ltr'>refusing</span> 
     </span>
     <span class='ocr_line' id='line_1_9' title="bbox 108 898 182 944; baseline 0.014 -1"><span class='ocrx_word' id='word_1_12' title='bbox 108 898 182 944; x_wconf 82' lang='lat' dir='ltr'>work.</span> 
     </span>
    </p>
   </div>
   <div class='ocr_carea' id='block_1_3' title="bbox 107 1453 249 1691">
    <p class='ocr_par' dir='ltr' id='par_1_3' title="bbox 107 1453 249 1691">
     <span class='ocr_line' id='line_1_10' title="bbox 107 1453 249 1501; baseline 0.007 -1"><span class='ocrx_word' id='word_1_13' title='bbox 107 1453 165 1501; x_wconf 84' lang='lat' dir='ltr'>This</span> <span class='ocrx_word' id='word_1_14' title='bbox 175 1456 249 1501; x_wconf 88' lang='lat' dir='ltr'>moni-</span> 
     </span>
     <span class='ocr_line' id='line_1_11' title="bbox 107 1515 233 1561; baseline 0.024 -3"><span class='ocrx_word' id='word_1_15' title='bbox 107 1515 158 1558; x_wconf 85' lang='lat' dir='ltr'>tion</span> <span class='ocrx_word' id='word_1_16' title='bbox 169 1518 194 1560; x_wconf 89' lang='lat' dir='ltr'>to</span> <span class='ocrx_word' id='word_1_17' title='bbox 205 1515 233 1561; x_wconf 87' lang='lat' dir='ltr'>bo</span> 
     </span>
     <span class='ocr_line' id='line_1_12' title="bbox 107 1573 199 1618; baseline 0.011 -1"><span class='ocrx_word' id='word_1_18' title='bbox 107 1575 164 1617; x_wconf 83' lang='lat' dir='ltr'>read</span> <span class='ocrx_word' id='word_1_19' title='bbox 174 1573 199 1618; x_wconf 91' lang='lat' dir='ltr'>in</span> 
     </span>
     <span class='ocr_line' id='line_1_13' title="bbox 107 1631 213 1691; baseline 0.028 -16"><span class='ocrx_word' id='word_1_20' title='bbox 107 1631 213 1691; x_wconf 78' lang='lat' dir='ltr'>chapter.</span> 
     </span>
    </p>
   </div>
   <div class='ocr_carea' id='block_1_4' title="bbox 646 306 1067 358">
    <p class='ocr_par' dir='ltr' id='par_1_4' title="bbox 646 306 1067 358">
     <span class='ocr_line' id='line_1_14' title="bbox 646 306 1067 358; baseline 0.002 -2"><span class='ocrx_word' id='word_1_21' title='bbox 646 306 852 358; x_wconf 79' lang='lat' dir='ltr'>MEMORIALS</span> <span class='ocrx_word' id='word_1_22' title='bbox 878 307 921 358; x_wconf 82' lang='lat' dir='ltr'>OF</span> <span class='ocrx_word' id='word_1_23' title='bbox 947 306 1067 358; x_wconf 87' lang='lat' dir='ltr'><strong>RIPON.</strong></span> 
     </span>
    </p>
   </div>
   <div class='ocr_carea' id='block_1_5' title="bbox 279 475 1434 2669">
    <p class='ocr_par' dir='ltr' id='par_1_5' title="bbox 279 475 1434 2669">
     <span class='ocr_line' id='line_1_15' title="bbox 284 475 1434 556; baseline 0.003 -20"><span class='ocrx_word' id='word_1_24' title='bbox 284 479 323 537; x_wconf 92' lang='lat' dir='ltr'>ut</span> <span class='ocrx_word' id='word_1_25' title='bbox 339 475 504 537; x_wconf 88' lang='lat' dir='ltr'>solvantur</span> <span class='ocrx_word' id='word_1_26' title='bbox 528 475 699 556; x_wconf 89' lang='lat' dir='ltr'>stipendia,</span> <span class='ocrx_word' id='word_1_27' title='bbox 715 477 856 540; x_wconf 88' lang='lat' dir='ltr'>ministri</span> <span class='ocrx_word' id='word_1_28' title='bbox 881 477 968 538; x_wconf 91' lang='lat' dir='ltr'>nudo</span> <span class='ocrx_word' id='word_1_29' title='bbox 990 477 1122 538; x_wconf 90' lang='lat' dir='ltr'>nomine</span> <span class='ocrx_word' id='word_1_30' title='bbox 1144 477 1384 556; x_wconf 90' lang='lat' dir='ltr'>tantummodo,</span> <span class='ocrx_word' id='word_1_31' title='bbox 1401 498 1434 540; x_wconf 87' lang='lat' dir='ltr'>se</span> 
     </span>
     <span class='ocr_line' id='line_1_16' title="bbox 285 569 1434 654; baseline 0.003 -22"><span class='ocrx_word' id='word_1_32' title='bbox 285 571 437 633; x_wconf 89' lang='lat' dir='ltr'>sollicitos</span> <span class='ocrx_word' id='word_1_33' title='bbox 469 569 635 650; x_wconf 77' lang='lat' dir='ltr'>exhibent,</span> <span class='ocrx_word' id='word_1_34' title='bbox 662 571 719 652; x_wconf 90' lang='lat' dir='ltr'>qui</span> <span class='ocrx_word' id='word_1_35' title='bbox 749 571 897 634; x_wconf 91' lang='lat' dir='ltr'>debitum</span> <span class='ocrx_word' id='word_1_36' title='bbox 927 573 1147 634; x_wconf 90' lang='lat' dir='ltr'>ministerium</span> <span class='ocrx_word' id='word_1_37' title='bbox 1177 593 1249 634; x_wconf 90' lang='lat' dir='ltr'>raro</span> <span class='ocrx_word' id='word_1_38' title='bbox 1278 573 1434 654; x_wconf 74' lang='lat' dir='ltr'>praebent,</span> 
     </span>
     <span class='ocr_line' id='line_1_17' title="bbox 283 668 1433 750; baseline 0.003 -21"><span class='ocrx_word' id='word_1_39' title='bbox 283 668 465 730; x_wconf 82' lang='lat' dir='ltr'>mercedem</span> <span class='ocrx_word' id='word_1_40' title='bbox 489 669 635 750; x_wconf 81' lang='lat' dir='ltr'>exigunt,</span> <span class='ocrx_word' id='word_1_41' title='bbox 658 669 767 749; x_wconf 91' lang='lat' dir='ltr'>quiin</span> <span class='ocrx_word' id='word_1_42' title='bbox 790 670 885 730; x_wconf 90' lang='lat' dir='ltr'>vinea</span> <span class='ocrx_word' id='word_1_43' title='bbox 907 689 972 730; x_wconf 90' lang='lat' dir='ltr'>non</span> <span class='ocrx_word' id='word_1_44' title='bbox 994 669 1151 747; x_wconf 89' lang='lat' dir='ltr'>laborant,</span> <span class='ocrx_word' id='word_1_45' title='bbox 1173 669 1433 732; x_wconf 85' lang='lat' dir='ltr'>emolumentum</span> 
     </span>
     <span class='ocr_line' id='line_1_18' title="bbox 283 762 1433 846; baseline 0.003 -22"><span class='ocrx_word' id='word_1_46' title='bbox 283 764 412 841; x_wconf 88' lang='lat' dir='ltr'>sitiunt,</span> <span class='ocrx_word' id='word_1_47' title='bbox 427 764 484 845; x_wconf 89' lang='lat' dir='ltr'>qui</span> <span class='ocrx_word' id='word_1_48' title='bbox 499 783 595 824; x_wconf 89' lang='lat' dir='ltr'>onera</span> <span class='ocrx_word' id='word_1_49' title='bbox 611 784 675 823; x_wconf 93' lang='lat' dir='ltr'>non</span> <span class='ocrx_word' id='word_1_50' title='bbox 692 769 883 846; x_wconf 88' lang='lat' dir='ltr'>agnoscunt.</span> <span class='ocrx_word' id='word_1_51' title='bbox 922 763 1039 846; x_wconf 84' lang='lat' dir='ltr'>Sicque</span> <span class='ocrx_word' id='word_1_52' title='bbox 1055 762 1168 826; x_wconf 91' lang='lat' dir='ltr'>honori</span> <span class='ocrx_word' id='word_1_53' title='bbox 1184 765 1302 827; x_wconf 90' lang='lat' dir='ltr'>Divino</span> <span class='ocrx_word' id='word_1_54' title='bbox 1310 767 1433 828; x_wconf 90' lang='lat' dir='ltr'>irreve-</span> 
     </span>
     <span class='ocr_line' id='line_1_19' title="bbox 283 858 1432 941; baseline 0.003 -21"><span class='ocrx_word' id='word_1_55' title='bbox 283 863 393 921; x_wconf 86' lang='lat' dir='ltr'>renter</span> <span class='ocrx_word' id='word_1_56' title='bbox 415 858 609 936; x_wconf 74' lang='lat' dir='ltr'>detrahitur,</span> <span class='ocrx_word' id='word_1_57' title='bbox 631 860 864 941; x_wconf 84' lang='lat' dir='ltr'>patrimonium</span> <span class='ocrx_word' id='word_1_58' title='bbox 888 859 1009 936; x_wconf 80' lang='lat' dir='ltr'>Christi</span> <span class='ocrx_word' id='word_1_59' title='bbox 1032 860 1198 923; x_wconf 88' lang='lat' dir='ltr'>inutiliter</span> <span class='ocrx_word' id='word_1_60' title='bbox 1220 863 1432 939; x_wconf 88' lang='lat' dir='ltr'>consumitur,</span> 
     </span>
     <span class='ocr_line' id='line_1_20' title="bbox 282 955 1432 1038; baseline 0.003 -22"><span class='ocrx_word' id='word_1_61' title='bbox 282 976 319 1016; x_wconf 89' lang='lat' dir='ltr'>ac</span> <span class='ocrx_word' id='word_1_62' title='bbox 348 955 494 1017; x_wconf 88' lang='lat' dir='ltr'>indebita</span> <span class='ocrx_word' id='word_1_63' title='bbox 524 955 688 1036; x_wconf 89' lang='lat' dir='ltr'>stipendia</span> <span class='ocrx_word' id='word_1_64' title='bbox 717 956 899 1037; x_wconf 84' lang='lat' dir='ltr'>percipiens</span> <span class='ocrx_word' id='word_1_65' title='bbox 929 956 1158 1018; x_wconf 85' lang='lat' dir='ltr'>miserabiliter</span> <span class='ocrx_word' id='word_1_66' title='bbox 1187 957 1360 1038; x_wconf 85' lang='lat' dir='ltr'>decipitur,</span> <span class='ocrx_word' id='word_1_67' title='bbox 1391 959 1432 1020; x_wconf 87' lang='lat' dir='ltr'>ad</span> 
     </span>
     <span class='ocr_line' id='line_1_21' title="bbox 282 1050 1432 1137; baseline 0.003 -26"><span class='ocrx_word' id='word_1_68' title='bbox 282 1072 420 1133; x_wconf 89' lang='lat' dir='ltr'>quorum</span> <span class='ocrx_word' id='word_1_69' title='bbox 434 1052 681 1112; x_wconf 87' lang='lat' dir='ltr'>restitucionem</span> <span class='ocrx_word' id='word_1_70' title='bbox 698 1050 773 1133; x_wconf 89' lang='lat' dir='ltr'>jure</span> <span class='ocrx_word' id='word_1_71' title='bbox 789 1051 854 1133; x_wconf 92' lang='lat' dir='ltr'>poli</span> <span class='ocrx_word' id='word_1_72' title='bbox 869 1051 1004 1113; x_wconf 86' lang='lat' dir='ltr'>forsitan</span> <span class='ocrx_word' id='word_1_73' title='bbox 1025 1050 1225 1137; x_wconf 82' lang='lat' dir='ltr'>obligatur).¹</span> <span class='ocrx_word' id='word_1_74' title='bbox 1272 1053 1432 1115; x_wconf 89' lang='lat' dir='ltr'>Intolera-</span> 
     </span>
     <span class='ocr_line' id='line_1_22' title="bbox 282 1145 1432 1233; baseline 0.002 -25"><span class='ocrx_word' id='word_1_75' title='bbox 282 1146 383 1209; x_wconf 89' lang='lat' dir='ltr'>bilem</span> <span class='ocrx_word' id='word_1_76' title='bbox 399 1147 559 1228; x_wconf 91' lang='lat' dir='ltr'>siquidem</span> <span class='ocrx_word' id='word_1_77' title='bbox 574 1145 661 1208; x_wconf 88' lang='lat' dir='ltr'>hunc</span> <span class='ocrx_word' id='word_1_78' title='bbox 676 1147 814 1208; x_wconf 87' lang='lat' dir='ltr'>abusum</span> <span class='ocrx_word' id='word_1_79' title='bbox 828 1149 864 1207; x_wconf 87' lang='lat' dir='ltr'>in</span> <span class='ocrx_word' id='word_1_80' title='bbox 881 1147 1014 1209; x_wconf 87' lang='lat' dir='ltr'>ecelesia</span> <span class='ocrx_word' id='word_1_81' title='bbox 1029 1153 1138 1210; x_wconf 89' lang='lat' dir='ltr'>nostra</span> <span class='ocrx_word' id='word_1_82' title='bbox 1153 1148 1277 1231; x_wconf 86' lang='lat' dir='ltr'>Rypon’</span> <span class='ocrx_word' id='word_1_83' title='bbox 1287 1145 1432 1233; x_wconf 88' lang='lat' dir='ltr'>(quando</span> 
     </span>
     <span class='ocr_line' id='line_1_23' title="bbox 283 1242 1432 1327; baseline 0.004 -25"><span class='ocrx_word' id='word_1_84' title='bbox 283 1262 353 1303; x_wconf 92' lang='lat' dir='ltr'>eam</span> <span class='ocrx_word' id='word_1_85' title='bbox 374 1244 586 1319; x_wconf 63' lang='lat' dir='ltr'>visitavimus</span> <span class='ocrx_word' id='word_1_86' title='bbox 603 1243 662 1304; x_wconf 89' lang='lat' dir='ltr'>sub</span> <span class='ocrx_word' id='word_1_87' title='bbox 677 1242 855 1323; x_wconf 88' lang='lat' dir='ltr'>periculosa</span> <span class='ocrx_word' id='word_1_88' title='bbox 870 1244 1078 1305; x_wconf 88' lang='lat' dir='ltr'>conniveneia</span> <span class='ocrx_word' id='word_1_89' title='bbox 1100 1243 1200 1306; x_wconf 88' lang='lat' dir='ltr'>foveri</span> <span class='ocrx_word' id='word_1_90' title='bbox 1216 1245 1432 1327; x_wconf 81' lang='lat' dir='ltr'>comperimus</span> 
     </span>
     <span class='ocr_line' id='line_1_24' title="bbox 282 1336 1431 1420; baseline 0.003 -21"><span class='ocrx_word' id='word_1_91' title='bbox 282 1338 368 1419; x_wconf 93' lang='lat' dir='ltr'>quod</span> <span class='ocrx_word' id='word_1_92' title='bbox 398 1338 439 1420; x_wconf 89' lang='lat' dir='ltr'>vij</span> <span class='ocrx_word' id='word_1_93' title='bbox 479 1342 711 1419; x_wconf 88' lang='lat' dir='ltr'>perpetuorum</span> <span class='ocrx_word' id='word_1_94' title='bbox 742 1339 969 1400; x_wconf 90' lang='lat' dir='ltr'>canonicorum</span> <span class='ocrx_word' id='word_1_95' title='bbox 999 1340 1182 1402; x_wconf 89' lang='lat' dir='ltr'>ministerio</span> <span class='ocrx_word' id='word_1_96' title='bbox 1211 1336 1279 1420; x_wconf 82' lang='lat' dir='ltr'>(est</span> <span class='ocrx_word' id='word_1_97' title='bbox 1309 1341 1431 1418; x_wconf 87' lang='lat' dir='ltr'>dotata,</span> 
     </span>
     <span class='ocr_line' id='line_1_25' title="bbox 282 1432 1431 1520; baseline 0.002 -24"><span class='ocrx_word' id='word_1_98' title='bbox 282 1454 406 1496; x_wconf 89' lang='lat' dir='ltr'>annexo</span> <span class='ocrx_word' id='word_1_99' title='bbox 423 1454 518 1496; x_wconf 89' lang='lat' dir='ltr'>onere</span> <span class='ocrx_word' id='word_1_100' title='bbox 530 1434 715 1495; x_wconf 86' lang='lat' dir='ltr'>resideneiae</span> <span class='ocrx_word' id='word_1_101' title='bbox 724 1432 927 1519; x_wconf 82' lang='lat' dir='ltr'>personalis).</span> <span class='ocrx_word' id='word_1_102' title='bbox 950 1435 1000 1496; x_wconf 95' lang='lat' dir='ltr'>Ne</span> <span class='ocrx_word' id='word_1_103' title='bbox 1017 1436 1120 1518; x_wconf 85' lang='lat' dir='ltr'>igitur</span> <span class='ocrx_word' id='word_1_104' title='bbox 1131 1433 1286 1520; x_wconf 85' lang='lat' dir='ltr'>(alienam</span> <span class='ocrx_word' id='word_1_105' title='bbox 1301 1437 1431 1518; x_wconf 90' lang='lat' dir='ltr'>culpam</span> 
     </span>
     <span class='ocr_line' id='line_1_26' title="bbox 282 1530 1431 1611; baseline 0.002 -19"><span class='ocrx_word' id='word_1_106' title='bbox 282 1530 436 1592; x_wconf 88' lang='lat' dir='ltr'>faciamus</span> <span class='ocrx_word' id='word_1_107' title='bbox 452 1530 623 1611; x_wconf 91' lang='lat' dir='ltr'>propriam,</span> <span class='ocrx_word' id='word_1_108' title='bbox 634 1530 880 1608; x_wconf 86' lang='lat' dir='ltr'>dissimulando,¹</span> <span class='ocrx_word' id='word_1_109' title='bbox 889 1531 975 1611; x_wconf 94' lang='lat' dir='ltr'>quod</span> <span class='ocrx_word' id='word_1_110' title='bbox 987 1531 1082 1608; x_wconf 90' lang='lat' dir='ltr'>absit,</span> <span class='ocrx_word' id='word_1_111' title='bbox 1094 1532 1135 1593; x_wconf 90' lang='lat' dir='ltr'>ad</span> <span class='ocrx_word' id='word_1_112' title='bbox 1147 1536 1269 1593; x_wconf 90' lang='lat' dir='ltr'>statum</span> <span class='ocrx_word' id='word_1_113' title='bbox 1281 1532 1431 1595; x_wconf 87' lang='lat' dir='ltr'>debitum</span> 
     </span>
     <span class='ocr_line' id='line_1_27' title="bbox 281 1626 1429 1710; baseline 0.003 -23"><span class='ocrx_word' id='word_1_114' title='bbox 281 1626 444 1703; x_wconf 84' lang='lat' dir='ltr'>reducere,</span> <span class='ocrx_word' id='word_1_115' title='bbox 471 1626 557 1707; x_wconf 93' lang='lat' dir='ltr'>quod</span> <span class='ocrx_word' id='word_1_116' title='bbox 571 1626 618 1687; x_wconf 86' lang='lat' dir='ltr'>¹in</span> <span class='ocrx_word' id='word_1_117' title='bbox 643 1627 815 1708; x_wconf 86' lang='lat' dir='ltr'>praemissis</span> <span class='ocrx_word' id='word_1_118' title='bbox 845 1626 1074 1688; x_wconf 87' lang='lat' dir='ltr'>reformacione</span> <span class='ocrx_word' id='word_1_119' title='bbox 1096 1628 1258 1710; x_wconf 86' lang='lat' dir='ltr'>praecipua</span> <span class='ocrx_word' id='word_1_120' title='bbox 1279 1629 1429 1691; x_wconf 86' lang='lat' dir='ltr'>novimus</span> 
     </span>
     <span class='ocr_line' id='line_1_28' title="bbox 280 1721 1428 1809; baseline 0.003 -26"><span class='ocrx_word' id='word_1_121' title='bbox 280 1721 348 1784; x_wconf 89' lang='lat' dir='ltr'>fore</span> <span class='ocrx_word' id='word_1_122' title='bbox 362 1722 471 1804; x_wconf 87' lang='lat' dir='ltr'>digna,</span> <span class='ocrx_word' id='word_1_123' title='bbox 488 1721 654 1783; x_wconf 88' lang='lat' dir='ltr'>devocioni</span> <span class='ocrx_word' id='word_1_124' title='bbox 669 1727 784 1784; x_wconf 84' lang='lat' dir='ltr'>vestrae</span> <span class='ocrx_word' id='word_1_125' title='bbox 799 1721 936 1784; x_wconf 90' lang='lat' dir='ltr'>firmiter</span> <span class='ocrx_word' id='word_1_126' title='bbox 951 1723 1155 1804; x_wconf 82' lang='lat' dir='ltr'>injungimus</span> <span class='ocrx_word' id='word_1_127' title='bbox 1171 1728 1206 1785; x_wconf 89' lang='lat' dir='ltr'>et</span> <span class='ocrx_word' id='word_1_128' title='bbox 1221 1722 1428 1809; x_wconf 90' lang='lat' dir='ltr'>mandamus)</span> 
     </span>
     <span class='ocr_line' id='line_1_29' title="bbox 281 1815 1428 1904; baseline 0.002 -24"><span class='ocrx_word' id='word_1_129' title='bbox 281 1817 548 1901; x_wconf 85' lang='lat' dir='ltr'>qnatenus,lecta</span> <span class='ocrx_word' id='word_1_130' title='bbox 562 1819 691 1900; x_wconf 85' lang='lat' dir='ltr'>puplice</span> <span class='ocrx_word' id='word_1_131' title='bbox 707 1815 822 1879; x_wconf 92' lang='lat' dir='ltr'>harum</span> <span class='ocrx_word' id='word_1_132' title='bbox 839 1819 920 1880; x_wconf 87' lang='lat' dir='ltr'>serie</span> <span class='ocrx_word' id='word_1_133' title='bbox 936 1819 971 1879; x_wconf 93' lang='lat' dir='ltr'>in</span> <span class='ocrx_word' id='word_1_134' title='bbox 988 1819 1121 1881; x_wconf 89' lang='lat' dir='ltr'>ecclesia</span> <span class='ocrx_word' id='word_1_135' title='bbox 1135 1819 1289 1901; x_wconf 85' lang='lat' dir='ltr'>praedicta</span> <span class='ocrx_word' id='word_1_136' title='bbox 1303 1819 1428 1904; x_wconf 82' lang='lat' dir='ltr'>Rypon’</span> 
     </span>
     <span class='ocr_line' id='line_1_30' title="bbox 281 1913 1428 1997; baseline 0.002 -21"><span class='ocrx_word' id='word_1_137' title='bbox 281 1920 316 1976; x_wconf 92' lang='lat' dir='ltr'>et</span> <span class='ocrx_word' id='word_1_138' title='bbox 331 1914 471 1996; x_wconf 90' lang='lat' dir='ltr'>capitulo</span> <span class='ocrx_word' id='word_1_139' title='bbox 483 1914 545 1975; x_wconf 89' lang='lat' dir='ltr'>loci</span> <span class='ocrx_word' id='word_1_140' title='bbox 560 1913 718 1996; x_wconf 89' lang='lat' dir='ltr'>ejusdem,</span> <span class='ocrx_word' id='word_1_141' title='bbox 734 1914 961 1975; x_wconf 86' lang='lat' dir='ltr'>assistentibus</span> <span class='ocrx_word' id='word_1_142' title='bbox 973 1915 1143 1976; x_wconf 86' lang='lat' dir='ltr'>cotidianis</span> <span class='ocrx_word' id='word_1_143' title='bbox 1155 1915 1314 1976; x_wconf 87' lang='lat' dir='ltr'>ministris</span> <span class='ocrx_word' id='word_1_144' title='bbox 1325 1917 1428 1997; x_wconf 90' lang='lat' dir='ltr'>ipsius</span> 
     </span>
     <span class='ocr_line' id='line_1_31' title="bbox 281 2010 1428 2092; baseline 0.003 -20"><span class='ocrx_word' id='word_1_145' title='bbox 281 2010 432 2087; x_wconf 83' lang='lat' dir='ltr'>ecclesiae,</span> <span class='ocrx_word' id='word_1_146' title='bbox 463 2011 621 2071; x_wconf 88' lang='lat' dir='ltr'>moneatis</span> <span class='ocrx_word' id='word_1_147' title='bbox 652 2030 764 2071; x_wconf 90' lang='lat' dir='ltr'>omnes</span> <span class='ocrx_word' id='word_1_148' title='bbox 796 2015 829 2071; x_wconf 91' lang='lat' dir='ltr'>et</span> <span class='ocrx_word' id='word_1_149' title='bbox 860 2011 1003 2092; x_wconf 87' lang='lat' dir='ltr'>singulos</span> <span class='ocrx_word' id='word_1_150' title='bbox 1033 2011 1202 2072; x_wconf 86' lang='lat' dir='ltr'>canonicos</span> <span class='ocrx_word' id='word_1_151' title='bbox 1239 2017 1428 2075; x_wconf 84' lang='lat' dir='ltr'>memoratae</span> 
     </span>
     <span class='ocr_line' id='line_1_32' title="bbox 280 2105 1428 2187; baseline 0.003 -20"><span class='ocrx_word' id='word_1_152' title='bbox 280 2106 422 2167; x_wconf 84' lang='lat' dir='ltr'>ecelesiae</span> <span class='ocrx_word' id='word_1_153' title='bbox 436 2126 502 2167; x_wconf 92' lang='lat' dir='ltr'>non</span> <span class='ocrx_word' id='word_1_154' title='bbox 516 2105 694 2167; x_wconf 87' lang='lat' dir='ltr'>residentes</span> <span class='ocrx_word' id='word_1_155' title='bbox 709 2106 745 2166; x_wconf 93' lang='lat' dir='ltr'>in</span> <span class='ocrx_word' id='word_1_156' title='bbox 759 2107 838 2187; x_wconf 88' lang='lat' dir='ltr'>ipsa,</span> <span class='ocrx_word' id='word_1_157' title='bbox 854 2106 939 2186; x_wconf 90' lang='lat' dir='ltr'>quod</span> <span class='ocrx_word' id='word_1_158' title='bbox 949 2106 989 2167; x_wconf 90' lang='lat' dir='ltr'>ad</span> <span class='ocrx_word' id='word_1_159' title='bbox 1001 2105 1212 2187; x_wconf 87' lang='lat' dir='ltr'>personaliter</span> <span class='ocrx_word' id='word_1_160' title='bbox 1220 2108 1428 2171; x_wconf 90' lang='lat' dir='ltr'>residendum</span> 
     </span>
     <span class='ocr_line' id='line_1_33' title="bbox 280 2198 1429 2286; baseline 0.003 -22"><span class='ocrx_word' id='word_1_161' title='bbox 280 2200 330 2286; x_wconf 88' lang='lat' dir='ltr'>(se</span> <span class='ocrx_word' id='word_1_162' title='bbox 346 2206 469 2284; x_wconf 87' lang='lat' dir='ltr'>aptent.</span> <span class='ocrx_word' id='word_1_163' title='bbox 515 2200 660 2264; x_wconf 84' lang='lat' dir='ltr'>Citantes</span> <span class='ocrx_word' id='word_1_164' title='bbox 677 2221 730 2262; x_wconf 89' lang='lat' dir='ltr'>eos</span> <span class='ocrx_word' id='word_1_165' title='bbox 750 2198 997 2286; x_wconf 89' lang='lat' dir='ltr'>nichilominus)</span> <span class='ocrx_word' id='word_1_166' title='bbox 1013 2203 1229 2283; x_wconf 87' lang='lat' dir='ltr'>peremptorie</span> <span class='ocrx_word' id='word_1_167' title='bbox 1245 2203 1331 2285; x_wconf 92' lang='lat' dir='ltr'>quod</span> <span class='ocrx_word' id='word_1_168' title='bbox 1347 2205 1429 2267; x_wconf 85' lang='lat' dir='ltr'>citra</span> 
     </span>
     <span class='ocr_line' id='line_1_34' title="bbox 280 2298 1428 2382; baseline 0.003 -22"><span class='ocrx_word' id='word_1_169' title='bbox 280 2311 428 2360; x_wconf 88' lang='lat' dir='ltr'>mensem</span> <span class='ocrx_word' id='word_1_170' title='bbox 444 2298 533 2379; x_wconf 85' lang='lat' dir='ltr'>Sept.</span> <span class='ocrx_word' id='word_1_171' title='bbox 549 2318 637 2378; x_wconf 90' lang='lat' dir='ltr'>prox.</span> <span class='ocrx_word' id='word_1_172' title='bbox 654 2298 693 2360; x_wconf 89' lang='lat' dir='ltr'>ad</span> <span class='ocrx_word' id='word_1_173' title='bbox 709 2298 829 2359; x_wconf 89' lang='lat' dir='ltr'>dictam</span> <span class='ocrx_word' id='word_1_174' title='bbox 846 2299 1013 2360; x_wconf 86' lang='lat' dir='ltr'>ecelesiam</span> <span class='ocrx_word' id='word_1_175' title='bbox 1024 2300 1167 2378; x_wconf 90' lang='lat' dir='ltr'>veniant,</span> <span class='ocrx_word' id='word_1_176' title='bbox 1176 2301 1378 2382; x_wconf 89' lang='lat' dir='ltr'>personalem</span> <span class='ocrx_word' id='word_1_177' title='bbox 1387 2302 1428 2363; x_wconf 96' lang='lat' dir='ltr'>ad</span> 
     </span>
     <span class='ocr_line' id='line_1_35' title="bbox 279 2393 1429 2480; baseline 0.002 -23"><span class='ocrx_word' id='word_1_178' title='bbox 279 2417 377 2478; x_wconf 89' lang='lat' dir='ltr'>quarn</span> <span class='ocrx_word' id='word_1_179' title='bbox 389 2393 562 2479; x_wconf 87' lang='lat' dir='ltr'>(tenentur</span> <span class='ocrx_word' id='word_1_180' title='bbox 571 2393 690 2456; x_wconf 88' lang='lat' dir='ltr'>facturi</span> <span class='ocrx_word' id='word_1_181' title='bbox 702 2394 854 2475; x_wconf 88' lang='lat' dir='ltr'>deinceps</span> <span class='ocrx_word' id='word_1_182' title='bbox 864 2395 1075 2456; x_wconf 89' lang='lat' dir='ltr'>residenciam</span> <span class='ocrx_word' id='word_1_183' title='bbox 1081 2395 1117 2456; x_wconf 93' lang='lat' dir='ltr'>in</span> <span class='ocrx_word' id='word_1_184' title='bbox 1129 2393 1258 2480; x_wconf 90' lang='lat' dir='ltr'>eadem)</span> <span class='ocrx_word' id='word_1_185' title='bbox 1265 2396 1324 2458; x_wconf 88' lang='lat' dir='ltr'>sub</span> <span class='ocrx_word' id='word_1_186' title='bbox 1333 2417 1429 2478; x_wconf 89' lang='lat' dir='ltr'>poena</span> 
     </span>
     <span class='ocr_line' id='line_1_36' title="bbox 281 2491 1426 2572; baseline 0.003 -19"><span class='ocrx_word' id='word_1_187' title='bbox 281 2493 433 2553; x_wconf 88' lang='lat' dir='ltr'>canonica</span> <span class='ocrx_word' id='word_1_188' title='bbox 447 2511 544 2572; x_wconf 89' lang='lat' dir='ltr'>quarn</span> <span class='ocrx_word' id='word_1_189' title='bbox 560 2497 678 2553; x_wconf 84' lang='lat' dir='ltr'>extunc</span> <span class='ocrx_word' id='word_1_190' title='bbox 694 2495 804 2552; x_wconf 90' lang='lat' dir='ltr'>contra</span> <span class='ocrx_word' id='word_1_191' title='bbox 819 2511 884 2552; x_wconf 91' lang='lat' dir='ltr'>non</span> <span class='ocrx_word' id='word_1_192' title='bbox 902 2496 1052 2572; x_wconf 88' lang='lat' dir='ltr'>parentes</span> <span class='ocrx_word' id='word_1_193' title='bbox 1068 2491 1252 2553; x_wconf 86' lang='lat' dir='ltr'>curabimus</span> <span class='ocrx_word' id='word_1_194' title='bbox 1268 2513 1426 2556; x_wconf 88' lang='lat' dir='ltr'>exercere.</span> 
     </span>
     <span class='ocr_line' id='line_1_37' title="bbox 279 2585 1426 2669; baseline 0.001 -19"><span class='ocrx_word' id='word_1_195' title='bbox 279 2589 409 2669; x_wconf 87' lang='lat' dir='ltr'>Nosque</span> <span class='ocrx_word' id='word_1_196' title='bbox 426 2608 521 2669; x_wconf 91' lang='lat' dir='ltr'>super</span> <span class='ocrx_word' id='word_1_197' title='bbox 532 2586 630 2669; x_wconf 90' lang='lat' dir='ltr'>hujus</span> <span class='ocrx_word' id='word_1_198' title='bbox 647 2587 872 2648; x_wconf 88' lang='lat' dir='ltr'>execucionem</span> <span class='ocrx_word' id='word_1_199' title='bbox 887 2587 1032 2648; x_wconf 88' lang='lat' dir='ltr'>mandati</span> <span class='ocrx_word' id='word_1_200' title='bbox 1047 2607 1084 2648; x_wconf 90' lang='lat' dir='ltr'>ac</span> <span class='ocrx_word' id='word_1_201' title='bbox 1099 2588 1139 2649; x_wconf 91' lang='lat' dir='ltr'>de</span> <span class='ocrx_word' id='word_1_202' title='bbox 1155 2585 1341 2650; x_wconf 92' lang='lat' dir='ltr'>hominibus</span> <span class='ocrx_word' id='word_1_203' title='bbox 1357 2592 1426 2651; x_wconf 85' lang='lat' dir='ltr'>tam</span> 
     </span>
    </p>
   </div>
   <div class='ocr_carea' id='block_1_6' title="bbox 179 2683 1458 2772">
    <p class='ocr_par' dir='ltr' id='par_1_6' title="bbox 179 2683 1458 2772">
     <span class='ocr_line' id='line_1_38' title="bbox 179 2683 1458 2772; baseline 0.002 -28"><span class='ocrx_word' id='word_1_204' title='bbox 179 2717 188 2736; x_wconf 88' lang='lat'><strong>·</strong></span> <span class='ocrx_word' id='word_1_205' title='bbox 278 2685 465 2766; x_wconf 88' lang='lat' dir='ltr'>pareneium</span> <span class='ocrx_word' id='word_1_206' title='bbox 489 2703 585 2765; x_wconf 88' lang='lat' dir='ltr'>quarn</span> <span class='ocrx_word' id='word_1_207' title='bbox 612 2704 677 2745; x_wconf 89' lang='lat' dir='ltr'>non</span> <span class='ocrx_word' id='word_1_208' title='bbox 703 2683 891 2765; x_wconf 88' lang='lat' dir='ltr'>parencium</span> <span class='ocrx_word' id='word_1_209' title='bbox 911 2683 1087 2744; x_wconf 88' lang='lat' dir='ltr'>monioioni</span> <span class='ocrx_word' id='word_1_210' title='bbox 1111 2687 1145 2745; x_wconf 90' lang='lat' dir='ltr'>et</span> <span class='ocrx_word' id='word_1_211' title='bbox 1171 2685 1321 2746; x_wconf 89' lang='lat' dir='ltr'>citacioni</span> <span class='ocrx_word' id='word_1_212' title='bbox 1342 2706 1426 2772; x_wconf 67' lang='lat' dir='ltr'>prae7</span> <span class='ocrx_word' id='word_1_213' title='bbox 1452 2740 1458 2754; x_wconf 81' lang='grc'><strong>,</strong></span> 
     </span>
    </p>
   </div>
   <div class='ocr_carea' id='block_1_7' title="bbox 104 3188 194 3293">
    <p class='ocr_par' dir='ltr' id='par_1_7' title="bbox 104 3188 194 3293">
     <span class='ocr_line' id='line_1_39' title="bbox 104 3188 194 3293; baseline 0.011 -58"><span class='ocrx_word' id='word_1_214' title='bbox 104 3188 194 3293; x_wconf 68' lang='lat' dir='ltr'>pas)</span> 
     </span>
    </p>
   </div>
   <div class='ocr_carea' id='block_1_8' title="bbox 61 3263 238 4170">
    <p class='ocr_par' dir='ltr' id='par_1_8' title="bbox 124 3263 156 3296">
     <span class='ocr_line' id='line_1_40' title="bbox 124 3263 156 3296; baseline -0.031 -2"><span class='ocrx_word' id='word_1_215' title='bbox 124 3263 156 3296; x_wconf 88' lang='lat' dir='ltr'>.n.</span> 
     </span>
    </p>

    <p class='ocr_par' dir='ltr' id='par_1_9' title="bbox 103 3309 226 3756">
     <span class='ocr_line' id='line_1_41' title="bbox 106 3309 215 3355; baseline 0.018 -3"><span class='ocrx_word' id='word_1_216' title='bbox 106 3309 215 3355; x_wconf 79' lang='lat'><strong>1289-90.</strong></span> 
     </span>
     <span class='ocr_line' id='line_1_42' title="bbox 104 3367 208 3414; baseline 0.01 -2"><span class='ocrx_word' id='word_1_217' title='bbox 104 3367 160 3413; x_wconf 84' lang='lat' dir='ltr'>Feb.</span> <span class='ocrx_word' id='word_1_218' title='bbox 171 3370 208 3414; x_wconf 71' lang='lat'>⁶24.</span> 
     </span>
     <span class='ocr_line' id='line_1_43' title="bbox 106 3450 226 3508; baseline 0.008 -12"><span class='ocrx_word' id='word_1_219' title='bbox 106 3450 152 3508; x_wconf 87' lang='lat' dir='ltr'>(St.</span> <span class='ocrx_word' id='word_1_220' title='bbox 162 3451 226 3497; x_wconf 85' lang='lat' dir='ltr'>Mat·</span> 
     </span>
     <span class='ocr_line' id='line_1_44' title="bbox 104 3510 188 3554; baseline 0 0"><span class='ocrx_word' id='word_1_221' title='bbox 104 3510 188 3554; x_wconf 88' lang='lat' dir='ltr'>thias&#39;s</span> 
     </span>
     <span class='ocr_line' id='line_1_45' title="bbox 105 3568 181 3628; baseline -0.053 0"><span class='ocrx_word' id='word_1_222' title='bbox 105 3568 181 3628; x_wconf 76' lang='lat' dir='ltr'>my.)</span> 
     </span>
     <span class='ocr_line' id='line_1_46' title="bbox 103 3651 216 3697; baseline -0.009 0"><span class='ocrx_word' id='word_1_223' title='bbox 103 3651 148 3697; x_wconf 76' lang='lat' dir='ltr'>Ad</span> <span class='ocrx_word' id='word_1_224' title='bbox 155 3665 216 3696; x_wconf 78' lang='grc' dir='ltr'><em>αηιο-</em></span> 
     </span>
     <span class='ocr_line' id='line_1_47' title="bbox 103 3712 200 3756; baseline -0.01 0"><span class='ocrx_word' id='word_1_225' title='bbox 103 3712 200 3756; x_wconf 80' lang='lat' dir='ltr'>cendum</span> 
     </span>
    </p>

    <p class='ocr_par' dir='ltr' id='par_1_10' title="bbox 61 3770 238 4170">
     <span class='ocr_line' id='line_1_48' title="bbox 61 3770 238 3832; baseline 0 -18"><span class='ocrx_word' id='word_1_226' title='bbox 61 3824 65 3832; x_wconf 63' lang='lat'>,</span> <span class='ocrx_word' id='word_1_227' title='bbox 103 3771 178 3815; x_wconf 78' lang='lat' dir='ltr'>minus</span> <span class='ocrx_word' id='word_1_228' title='bbox 187 3770 238 3829; x_wconf 78' lang='lat' dir='ltr'>aas·</span> 
     </span>
     <span class='ocr_line' id='line_1_49' title="bbox 96 3830 203 3888; baseline 0 -15"><span class='ocrx_word' id='word_1_229' title='bbox 96 3830 203 3888; x_wconf 75' lang='lat' dir='ltr'>ficieales</span> 
     </span>
     <span class='ocr_line' id='line_1_50' title="bbox 103 3889 217 3933; baseline 0 -1"><span class='ocrx_word' id='word_1_230' title='bbox 103 3889 217 3933; x_wconf 79' lang='lat' dir='ltr'>ministros</span> 
     </span>
     <span class='ocr_line' id='line_1_51' title="bbox 102 3946 229 3991; baseline 0 0"><span class='ocrx_word' id='word_1_231' title='bbox 102 3948 128 3991; x_wconf 80' lang='lat' dir='ltr'>r&#39;n</span> <span class='ocrx_word' id='word_1_232' title='bbox 138 3946 229 3991; x_wconf 78' lang='lat' dir='ltr'>ecclesio</span> 
     </span>
     <span class='ocr_line' id='line_1_52' title="bbox 103 4005 229 4064; baseline 0 -14"><span class='ocrx_word' id='word_1_233' title='bbox 103 4005 196 4064; x_wconf 77' lang='lat' dir='ltr'>Rypon’</span> <span class='ocrx_word' id='word_1_234' title='bbox 207 4012 229 4050; x_wconf 82' lang='lat' dir='ltr'>et</span> 
     </span>
     <span class='ocr_line' id='line_1_53' title="bbox 102 4065 237 4111; baseline 0.007 -1"><span class='ocrx_word' id='word_1_235' title='bbox 102 4065 237 4111; x_wconf 66' lang='lat' dir='ltr'>subrutum·</span> 
     </span>
     <span class='ocr_line' id='line_1_54' title="bbox 102 4124 231 4170; baseline 0.023 -3"><span class='ocrx_word' id='word_1_236' title='bbox 102 4124 156 4168; x_wconf 80' lang='lat' dir='ltr'>dum</span> <span class='ocrx_word' id='word_1_237' title='bbox 166 4124 231 4170; x_wconf 78' lang='lat' dir='ltr'>alios.</span> 
     </span>
    </p>
   </div>
   <div class='ocr_carea' id='block_1_9' title="bbox 278 2778 1426 3057">
    <p class='ocr_par' dir='ltr' id='par_1_11' title="bbox 278 2778 1426 3057">
     <span class='ocr_line' id='line_1_55' title="bbox 278 2778 1426 2865; baseline 0.002 -23"><span class='ocrx_word' id='word_1_238' title='bbox 278 2781 374 2842; x_wconf 89' lang='lat' dir='ltr'>dictis</span> <span class='ocrx_word' id='word_1_239' title='bbox 390 2781 425 2842; x_wconf 92' lang='lat' dir='ltr'>in</span> <span class='ocrx_word' id='word_1_240' title='bbox 440 2782 545 2861; x_wconf 89' lang='lat' dir='ltr'>capite</span> <span class='ocrx_word' id='word_1_241' title='bbox 561 2781 682 2841; x_wconf 87' lang='lat' dir='ltr'>mensis</span> <span class='ocrx_word' id='word_1_242' title='bbox 698 2778 844 2861; x_wconf 89' lang='lat' dir='ltr'>praedicti</span> <span class='ocrx_word' id='word_1_243' title='bbox 860 2779 1012 2841; x_wconf 88' lang='lat' dir='ltr'>distincte</span> <span class='ocrx_word' id='word_1_244' title='bbox 1029 2779 1205 2842; x_wconf 88' lang='lat' dir='ltr'>certificare</span> <span class='ocrx_word' id='word_1_245' title='bbox 1220 2782 1352 2858; x_wconf 90' lang='lat' dir='ltr'>curetis,</span> <span class='ocrx_word' id='word_1_246' title='bbox 1367 2803 1426 2865; x_wconf 88' lang='lat' dir='ltr'>per</span> 
     </span>
     <span class='ocr_line' id='line_1_56' title="bbox 278 2872 1426 2964; baseline 0.002 -26"><span class='ocrx_word' id='word_1_247' title='bbox 278 2881 399 2938; x_wconf 88' lang='lat' dir='ltr'>vestras</span> <span class='ocrx_word' id='word_1_248' title='bbox 409 2881 557 2957; x_wconf 88' lang='lat' dir='ltr'>patentes</span> <span class='ocrx_word' id='word_1_249' title='bbox 569 2876 678 2937; x_wconf 91' lang='lat' dir='ltr'>literas</span> <span class='ocrx_word' id='word_1_250' title='bbox 691 2873 778 2960; x_wconf 86' lang='lat' dir='ltr'>(quae</span> <span class='ocrx_word' id='word_1_251' title='bbox 789 2872 906 2937; x_wconf 91' lang='lat' dir='ltr'>harum</span> <span class='ocrx_word' id='word_1_252' title='bbox 918 2877 1043 2956; x_wconf 89' lang='lat' dir='ltr'>copiam</span> <span class='ocrx_word' id='word_1_253' title='bbox 1053 2875 1307 2964; x_wconf 76' lang='lat' dir='ltr'>representem).</span> <span class='ocrx_word' id='word_1_254' title='bbox 1335 2878 1426 2940; x_wconf 90' lang='lat' dir='ltr'>Bene</span> 
     </span>
     <span class='ocr_line' id='line_1_57' title="bbox 278 2968 1182 3057; baseline 0.002 -24"><span class='ocrx_word' id='word_1_255' title='bbox 278 2971 394 3034; x_wconf 87' lang='lat' dir='ltr'>valete.</span> <span class='ocrx_word' id='word_1_256' title='bbox 439 2973 514 3035; x_wconf 88' lang='lat' dir='ltr'>Dat.</span> <span class='ocrx_word' id='word_1_257' title='bbox 530 2973 614 3056; x_wconf 85' lang='lat' dir='ltr'>Ryp.</span> <span class='ocrx_word' id='word_1_258' title='bbox 630 2971 681 3055; x_wconf 92' lang='lat' dir='ltr'>xvj</span> <span class='ocrx_word' id='word_1_259' title='bbox 700 2972 773 3033; x_wconf 88' lang='lat' dir='ltr'>Kal.</span> <span class='ocrx_word' id='word_1_260' title='bbox 789 2970 905 3033; x_wconf 89' lang='lat' dir='ltr'>Marcii</span> <span class='ocrx_word' id='word_1_261' title='bbox 921 2968 1023 3055; x_wconf 84' lang='lat' dir='ltr'>(anno</span> <span class='ocrx_word' id='word_1_262' title='bbox 1038 2970 1182 3057; x_wconf 85' lang='lat' dir='ltr'>quarto).</span> 
     </span>
    </p>
   </div>
   <div class='ocr_carea' id='block_1_10' title="bbox 276 3162 1425 4213">
    <p class='ocr_par' dir='ltr' id='par_1_12' title="bbox 276 3162 1425 4213">
     <span class='ocr_line' id='line_1_58' title="bbox 345 3162 1425 3251; baseline 0.001 -23"><span class='ocrx_word' id='word_1_263' title='bbox 345 3165 367 3228; x_wconf 90' lang='lat' dir='ltr'><strong>J</strong></span> <span class='ocrx_word' id='word_1_264' title='bbox 368 3162 542 3250; x_wconf 77' lang='lat' dir='ltr'>(ohannes)</span> <span class='ocrx_word' id='word_1_265' title='bbox 557 3166 780 3248; x_wconf 85' lang='lat' dir='ltr'>permissione,</span> <span class='ocrx_word' id='word_1_266' title='bbox 792 3169 855 3227; x_wconf 88' lang='lat' dir='ltr'>etc.</span> <span class='ocrx_word' id='word_1_267' title='bbox 871 3165 990 3227; x_wconf 89' lang='lat' dir='ltr'>dilecto</span> <span class='ocrx_word' id='word_1_268' title='bbox 1006 3166 1041 3227; x_wconf 89' lang='lat' dir='ltr'>in</span> <span class='ocrx_word' id='word_1_269' title='bbox 1051 3164 1179 3228; x_wconf 87' lang='lat' dir='ltr'>Christo</span> <span class='ocrx_word' id='word_1_270' title='bbox 1188 3165 1256 3227; x_wconf 91' lang='lat' dir='ltr'>filio</span> <span class='ocrx_word' id='word_1_271' title='bbox 1266 3163 1425 3251; x_wconf 86' lang='lat' dir='ltr'>R(ogero)</span> 
     </span>
     <span class='ocr_line' id='line_1_59' title="bbox 281 3264 1423 3348; baseline 0 -20"><span class='ocrx_word' id='word_1_272' title='bbox 281 3265 405 3347; x_wconf 85' lang='lat' dir='ltr'>Swayn,</span> <span class='ocrx_word' id='word_1_273' title='bbox 427 3268 580 3328; x_wconf 89' lang='lat' dir='ltr'>canonico</span> <span class='ocrx_word' id='word_1_274' title='bbox 595 3265 730 3348; x_wconf 90' lang='lat' dir='ltr'>Rypon&#39;‚</span> <span class='ocrx_word' id='word_1_275' title='bbox 748 3264 897 3343; x_wconf 88' lang='lat' dir='ltr'>salutern,</span> <span class='ocrx_word' id='word_1_276' title='bbox 921 3266 1072 3347; x_wconf 85' lang='lat' dir='ltr'>graciam,</span> <span class='ocrx_word' id='word_1_277' title='bbox 1096 3270 1130 3327; x_wconf 91' lang='lat' dir='ltr'>et</span> <span class='ocrx_word' id='word_1_278' title='bbox 1152 3265 1423 3329; x_wconf 86' lang='lat' dir='ltr'>benediccionem.</span> 
     </span>
     <span class='ocr_line' id='line_1_60' title="bbox 279 3359 1424 3442; baseline 0.001 -19"><span class='ocrx_word' id='word_1_279' title='bbox 279 3362 329 3423; x_wconf 87' lang='lat' dir='ltr'>Ad</span> <span class='ocrx_word' id='word_1_280' title='bbox 344 3362 494 3423; x_wconf 88' lang='lat' dir='ltr'>decorem</span> <span class='ocrx_word' id='word_1_281' title='bbox 509 3361 623 3424; x_wconf 89' lang='lat' dir='ltr'>domus</span> <span class='ocrx_word' id='word_1_282' title='bbox 639 3362 770 3422; x_wconf 90' lang='lat' dir='ltr'>Domini</span> <span class='ocrx_word' id='word_1_283' title='bbox 785 3366 820 3423; x_wconf 90' lang='lat' dir='ltr'>et</span> <span class='ocrx_word' id='word_1_284' title='bbox 831 3362 1026 3442; x_wconf 87' lang='lat' dir='ltr'>praeconium</span> <span class='ocrx_word' id='word_1_285' title='bbox 1041 3360 1146 3423; x_wconf 89' lang='lat' dir='ltr'>laudis</span> <span class='ocrx_word' id='word_1_286' title='bbox 1162 3359 1282 3423; x_wconf 83' lang='lat' dir='ltr'>Christi</span> <span class='ocrx_word' id='word_1_287' title='bbox 1297 3361 1424 3424; x_wconf 85' lang='lat' dir='ltr'>Divinae</span> 
     </span>
     <span class='ocr_line' id='line_1_61' title="bbox 279 3445 1423 3539; baseline 0.002 -22"><span class='ocrx_word' id='word_1_288' title='bbox 279 3459 497 3519; x_wconf 86' lang='lat' dir='ltr'>veneracionis</span> <span class='ocrx_word' id='word_1_289' title='bbox 522 3458 697 3538; x_wconf 89' lang='lat' dir='ltr'>solempnia</span> <span class='ocrx_word' id='word_1_290' title='bbox 719 3445 928 3518; x_wconf 43' lang='lat' dir='ltr'>eantancium&#39;</span> <span class='ocrx_word' id='word_1_291' title='bbox 948 3462 983 3519; x_wconf 92' lang='lat' dir='ltr'>et</span> <span class='ocrx_word' id='word_1_292' title='bbox 1004 3457 1214 3539; x_wconf 89' lang='lat' dir='ltr'>psallencium</span> <span class='ocrx_word' id='word_1_293' title='bbox 1233 3457 1423 3519; x_wconf 87' lang='lat' dir='ltr'>clericorum</span> 
     </span>
     <span class='ocr_line' id='line_1_62' title="bbox 279 3552 1424 3635; baseline 0.002 -22"><span class='ocrx_word' id='word_1_294' title='bbox 279 3553 461 3614; x_wconf 86' lang='lat' dir='ltr'>ministerio</span> <span class='ocrx_word' id='word_1_295' title='bbox 483 3554 518 3614; x_wconf 92' lang='lat' dir='ltr'>in</span> <span class='ocrx_word' id='word_1_296' title='bbox 541 3553 684 3614; x_wconf 89' lang='lat' dir='ltr'>ecclesiis</span> <span class='ocrx_word' id='word_1_297' title='bbox 707 3552 919 3629; x_wconf 88' lang='lat' dir='ltr'>extolluntur,</span> <span class='ocrx_word' id='word_1_298' title='bbox 940 3573 1012 3635; x_wconf 86' lang='lat' dir='ltr'>quae</span> <span class='ocrx_word' id='word_1_299' title='bbox 1034 3553 1166 3615; x_wconf 90' lang='lat' dir='ltr'>evidens</span> <span class='ocrx_word' id='word_1_300' title='bbox 1190 3552 1424 3615; x_wconf 74' lang='lat' dir='ltr'>insufficientia</span> 
     </span>
     <span class='ocr_line' id='line_1_63' title="bbox 279 3648 1424 3730; baseline 0.002 -21"><span class='ocrx_word' id='word_1_301' title='bbox 279 3648 468 3709; x_wconf 87' lang='lat' dir='ltr'>clericorum</span> <span class='ocrx_word' id='word_1_302' title='bbox 483 3649 518 3709; x_wconf 94' lang='lat' dir='ltr'>in</span> <span class='ocrx_word' id='word_1_303' title='bbox 534 3649 667 3710; x_wconf 88' lang='lat' dir='ltr'>ecelesia</span> <span class='ocrx_word' id='word_1_304' title='bbox 689 3648 813 3730; x_wconf 88' lang='lat' dir='ltr'>Rypon’</span> <span class='ocrx_word' id='word_1_305' title='bbox 827 3649 1097 3725; x_wconf 87' lang='lat' dir='ltr'>ministrancium,</span> <span class='ocrx_word' id='word_1_306' title='bbox 1112 3669 1178 3711; x_wconf 92' lang='lat' dir='ltr'>non</span> <span class='ocrx_word' id='word_1_307' title='bbox 1192 3648 1312 3730; x_wconf 90' lang='lat' dir='ltr'>absque</span> <span class='ocrx_word' id='word_1_308' title='bbox 1329 3669 1424 3730; x_wconf 89' lang='lat' dir='ltr'>supe·</span> 
     </span>
     <span class='ocr_line' id='line_1_64' title="bbox 279 3744 1423 3827; baseline 0.001 -21"><span class='ocrx_word' id='word_1_309' title='bbox 279 3745 398 3806; x_wconf 91' lang='lat' dir='ltr'>riorum</span> <span class='ocrx_word' id='word_1_310' title='bbox 422 3745 583 3827; x_wconf 82' lang='lat' dir='ltr'>vituperio</span> <span class='ocrx_word' id='word_1_311' title='bbox 605 3745 687 3807; x_wconf 89' lang='lat' dir='ltr'>inibi</span> <span class='ocrx_word' id='word_1_312' title='bbox 709 3744 865 3826; x_wconf 87' lang='lat' dir='ltr'>deprimit</span> <span class='ocrx_word' id='word_1_313' title='bbox 887 3744 996 3825; x_wconf 90' lang='lat' dir='ltr'>pocius</span> <span class='ocrx_word' id='word_1_314' title='bbox 1020 3765 1118 3826; x_wconf 90' lang='lat' dir='ltr'>quarn</span> <span class='ocrx_word' id='word_1_315' title='bbox 1141 3745 1279 3822; x_wconf 77' lang='lat' dir='ltr'>extollit,</span> <span class='ocrx_word' id='word_1_316' title='bbox 1294 3745 1373 3807; x_wconf 94' lang='lat' dir='ltr'>dum</span> <span class='ocrx_word' id='word_1_317' title='bbox 1388 3746 1423 3807; x_wconf 94' lang='lat' dir='ltr'>in</span> 
     </span>
     <span class='ocr_line' id='line_1_65' title="bbox 278 3839 1424 3924; baseline 0 -22"><span class='ocrx_word' id='word_1_318' title='bbox 278 3845 376 3904; x_wconf 87' lang='lat' dir='ltr'>cantu</span> <span class='ocrx_word' id='word_1_319' title='bbox 399 3842 451 3902; x_wconf 92' lang='lat' dir='ltr'>vix</span> <span class='ocrx_word' id='word_1_320' title='bbox 467 3841 583 3924; x_wconf 89' lang='lat' dir='ltr'>aliquis</span> <span class='ocrx_word' id='word_1_321' title='bbox 604 3841 769 3924; x_wconf 87' lang='lat' dir='ltr'>praevalet,</span> <span class='ocrx_word' id='word_1_322' title='bbox 785 3842 818 3902; x_wconf 93' lang='lat' dir='ltr'>in</span> <span class='ocrx_word' id='word_1_323' title='bbox 843 3841 1021 3922; x_wconf 90' lang='lat' dir='ltr'>psalmodia</span> <span class='ocrx_word' id='word_1_324' title='bbox 1043 3861 1117 3903; x_wconf 90' lang='lat' dir='ltr'>vero</span> <span class='ocrx_word' id='word_1_325' title='bbox 1132 3861 1217 3902; x_wconf 89' lang='lat' dir='ltr'>raros</span> <span class='ocrx_word' id='word_1_326' title='bbox 1239 3839 1424 3902; x_wconf 91' lang='lat' dir='ltr'>audivimus</span> 
     </span>
     <span class='ocr_line' id='line_1_66' title="bbox 277 3933 1424 4019; baseline -0.001 -20"><span class='ocrx_word' id='word_1_327' title='bbox 277 3938 507 4001; x_wconf 89' lang='lat' dir='ltr'>commendari.</span> <span class='ocrx_word' id='word_1_328' title='bbox 552 3938 626 3999; x_wconf 88' lang='lat' dir='ltr'>Hiis</span> <span class='ocrx_word' id='word_1_329' title='bbox 641 3939 751 4019; x_wconf 88' lang='lat' dir='ltr'>itaque</span> <span class='ocrx_word' id='word_1_330' title='bbox 766 3937 875 3998; x_wconf 88' lang='lat' dir='ltr'>minus</span> <span class='ocrx_word' id='word_1_331' title='bbox 890 3936 1000 3999; x_wconf 87' lang='lat' dir='ltr'>debite</span> <span class='ocrx_word' id='word_1_332' title='bbox 1016 3957 1049 3998; x_wconf 88' lang='lat' dir='ltr'>se</span> <span class='ocrx_word' id='word_1_333' title='bbox 1063 3933 1261 3998; x_wconf 89' lang='lat' dir='ltr'>habentibus</span> <span class='ocrx_word' id='word_1_334' title='bbox 1278 3935 1424 3998; x_wconf 82' lang='lat' dir='ltr'>volentes</span> 
     </span>
     <span class='ocr_line' id='line_1_67' title="bbox 276 4030 1425 4116; baseline -0.002 -22"><span class='ocrx_word' id='word_1_335' title='bbox 276 4035 467 4116; x_wconf 88' lang='lat' dir='ltr'>prospicere,</span> <span class='ocrx_word' id='word_1_336' title='bbox 481 4038 520 4095; x_wconf 86' lang='lat' dir='ltr'>ut</span> <span class='ocrx_word' id='word_1_337' title='bbox 534 4038 696 4110; x_wconf 88' lang='lat' dir='ltr'>terremur,</span> <span class='ocrx_word' id='word_1_338' title='bbox 711 4033 878 4095; x_wconf 88' lang='lat' dir='ltr'>devocioni</span> <span class='ocrx_word' id='word_1_339' title='bbox 900 4036 1012 4094; x_wconf 89' lang='lat' dir='ltr'>vestrae</span> <span class='ocrx_word' id='word_1_340' title='bbox 1028 4032 1207 4094; x_wconf 88' lang='lat' dir='ltr'>districtius</span> <span class='ocrx_word' id='word_1_341' title='bbox 1222 4030 1425 4113; x_wconf 85' lang='lat' dir='ltr'>injungendo</span> 
     </span>
     <span class='ocr_line' id='line_1_68' title="bbox 276 4127 1423 4213; baseline -0.002 -22"><span class='ocrx_word' id='word_1_342' title='bbox 276 4131 467 4193; x_wconf 90' lang='lat' dir='ltr'>mandamus</span> <span class='ocrx_word' id='word_1_343' title='bbox 482 4131 636 4213; x_wconf 88' lang='lat' dir='ltr'>quatinus</span> <span class='ocrx_word' id='word_1_344' title='bbox 658 4129 774 4191; x_wconf 91' lang='lat' dir='ltr'>amotis</span> <span class='ocrx_word' id='word_1_345' title='bbox 796 4127 1067 4190; x_wconf 88' lang='lat' dir='ltr'>insufficientibus</span> <span class='ocrx_word' id='word_1_346' title='bbox 1090 4128 1248 4189; x_wconf 91' lang='lat' dir='ltr'>ministris</span> <span class='ocrx_word' id='word_1_347' title='bbox 1273 4127 1423 4190; x_wconf 92' lang='lat' dir='ltr'>omnibus</span> 
     </span>
    </p>
   </div>
   <div class='ocr_carea' id='block_1_11' title="bbox 275 4274 1422 4506">
    <p class='ocr_par' dir='ltr' id='par_1_13' title="bbox 275 4274 1422 4506">
     <span class='ocr_line' id='line_1_69' title="bbox 329 4274 1421 4347; baseline -0.005 -15"><span class='ocrx_word' id='word_1_348' title='bbox 329 4279 372 4347; x_wconf 86' lang='grc'>(1)</span> <span class='ocrx_word' id='word_1_349' title='bbox 391 4279 449 4332; x_wconf 90' lang='lat' dir='ltr'>The</span> <span class='ocrx_word' id='word_1_350' title='bbox 466 4280 555 4333; x_wconf 89' lang='lat' dir='ltr'>words</span> <span class='ocrx_word' id='word_1_351' title='bbox 573 4281 603 4332; x_wconf 93' lang='lat' dir='ltr'>in</span> <span class='ocrx_word' id='word_1_352' title='bbox 621 4278 745 4332; x_wconf 83' lang='lat' dir='ltr'>brackets</span> <span class='ocrx_word' id='word_1_353' title='bbox 764 4295 809 4331; x_wconf 86' lang='lat' dir='ltr'>are</span> <span class='ocrx_word' id='word_1_354' title='bbox 831 4276 902 4330; x_wconf 85' lang='lat' dir='ltr'>from</span> <span class='ocrx_word' id='word_1_355' title='bbox 923 4293 938 4329; x_wconf 82' lang='lat' dir='ltr'>a</span> <span class='ocrx_word' id='word_1_356' title='bbox 956 4275 1060 4330; x_wconf 86' lang='lat' dir='ltr'>similar</span> <span class='ocrx_word' id='word_1_357' title='bbox 1079 4274 1213 4328; x_wconf 89' lang='lat' dir='ltr'>monition</span> <span class='ocrx_word' id='word_1_358' title='bbox 1235 4274 1380 4328; x_wconf 85' lang='lat' dir='ltr'>addressed</span> <span class='ocrx_word' id='word_1_359' title='bbox 1392 4283 1421 4327; x_wconf 83' lang='lat' dir='ltr'>to</span> 
     </span>
     <span class='ocr_line' id='line_1_70' title="bbox 275 4352 1422 4428; baseline -0.003 -19"><span class='ocrx_word' id='word_1_360' title='bbox 275 4358 457 4410; x_wconf 85' lang='lat' dir='ltr'>non-resident</span> <span class='ocrx_word' id='word_1_361' title='bbox 469 4375 567 4412; x_wconf 89' lang='lat' dir='ltr'>canons</span> <span class='ocrx_word' id='word_1_362' title='bbox 589 4359 617 4410; x_wconf 91' lang='lat' dir='ltr'>in</span> <span class='ocrx_word' id='word_1_363' title='bbox 637 4359 683 4412; x_wconf 87' lang='lat' dir='ltr'>the</span> <span class='ocrx_word' id='word_1_364' title='bbox 705 4357 808 4428; x_wconf 86' lang='lat' dir='ltr'>Ohapel</span> <span class='ocrx_word' id='word_1_365' title='bbox 827 4356 858 4410; x_wconf 83' lang='lat' dir='ltr'>ol</span> <span class='ocrx_word' id='word_1_366' title='bbox 876 4355 917 4410; x_wconf 83' lang='lat' dir='ltr'>St.</span> <span class='ocrx_word' id='word_1_367' title='bbox 931 4355 1012 4425; x_wconf 88' lang='lat' dir='ltr'>Mary</span> <span class='ocrx_word' id='word_1_368' title='bbox 1025 4355 1079 4408; x_wconf 89' lang='lat' dir='ltr'>and</span> <span class='ocrx_word' id='word_1_369' title='bbox 1097 4355 1145 4408; x_wconf 88' lang='lat' dir='ltr'>the</span> <span class='ocrx_word' id='word_1_370' title='bbox 1158 4355 1271 4423; x_wconf 80' lang='lat' dir='ltr'>Angols,</span> <span class='ocrx_word' id='word_1_371' title='bbox 1283 4352 1369 4421; x_wconf 82' lang='lat' dir='ltr'>Yorlr,</span> <span class='ocrx_word' id='word_1_372' title='bbox 1381 4371 1422 4406; x_wconf 85' lang='lat' dir='ltr'>re-</span> 
     </span>
     <span class='ocr_line' id='line_1_71' title="bbox 275 4434 726 4506; baseline 0.007 -19"><span class='ocrx_word' id='word_1_373' title='bbox 275 4434 362 4489; x_wconf 86' lang='lat' dir='ltr'>ferred</span> <span class='ocrx_word' id='word_1_374' title='bbox 374 4445 402 4488; x_wconf 87' lang='lat' dir='ltr'>to</span> <span class='ocrx_word' id='word_1_375' title='bbox 412 4436 449 4506; x_wconf 89' lang='lat' dir='ltr'>by</span> <span class='ocrx_word' id='word_1_376' title='bbox 461 4437 506 4490; x_wconf 91' lang='lat' dir='ltr'>the</span> <span class='ocrx_word' id='word_1_377' title='bbox 518 4436 644 4505; x_wconf 79' lang='lat' dir='ltr'>registrar</span> <span class='ocrx_word' id='word_1_378' title='bbox 656 4437 726 4490; x_wconf 88' lang='lat' dir='ltr'>here.</span> 
     </span>
    </p>
   </div>
   <div class='ocr_carea' id='block_1_12' title="bbox 0 0 1542 5032">
    <p class='ocr_par' dir='ltr' id='par_1_14' title="bbox 0 0 1542 5032">
     <span class='ocr_line' id='line_1_72' title="bbox 0 0 1542 5032; baseline 0 3"><span class='ocrx_word' id='word_1_379' title='bbox 0 0 1542 5032; x_wconf 95' lang='lat' dir='ltr'> </span> 
     </span>
    </p>
   </div>
  </div>
 </body>
</html>
