3074 5032
637 341 844 394 MEMORIALS
869 342 913 393 OF
938 342 1057 394 RIPON.

278 527 376 589 quam
392 508 634 590 temporalibus,
649 509 799 571 dotatum
815 510 936 587 extitit,
958 514 992 571 et
1006 530 1064 591 per
1081 529 1180 591 quem
1202 511 1271 594 regi
1294 511 1423 591 debeat,

278 607 313 664 et
335 600 492 665 hactenus
513 604 583 686 regi
605 605 782 682 consuevit,
809 624 851 665 an
876 604 1027 666 videlicet
1049 625 1106 686 per
1128 604 1280 667 clericum
1303 628 1344 668 an
1366 629 1424 690 per

277 696 406 775 laicum,
423 702 457 760 et
472 699 612 781 qualiter
626 705 660 761 et
675 720 739 781 quo
754 700 859 762 modo.
904 699 1003 761 Vobis
1018 701 1209 762 mandamus
1224 703 1320 784 quod,
1336 723 1423 764 scru-

277 793 355 853 tatis
378 795 593 856 munimentis
606 796 771 876 praemissa
786 796 998 879 tangentibus
1023 797 1049 857 si
1073 816 1144 877 quae
1166 797 1201 857 in
1224 795 1424 876 thesauraria

278 892 384 950 vestra
399 890 448 950 vel
465 889 542 951 alibi
560 891 618 952 sub
634 891 779 952 custodia
795 896 900 951 vestra
916 891 1067 969 existant,
1083 912 1142 954 nos
1157 892 1232 954 inde
1245 891 1305 954 sub
1317 892 1424 975 sigillo

277 985 412 1066 capituli
435 988 534 1048 vestri
560 989 595 1048 in
620 987 810 1049 cancellaria
839 991 948 1049 nostra
977 987 1131 1049 distincte
1158 993 1192 1050 et
1216 994 1327 1070 aperte
1354 990 1422 1050 sine

278 1080 434 1144 dilacione
449 1084 589 1145 reddatis
605 1085 767 1159 certiores,
782 1081 842 1144 hoo
858 1083 952 1144 breve
967 1083 1059 1145 nobis
1073 1085 1289 1146 remittentes.

104 1185 171 1232 west
344 1180 385 1212 ‘⁶‘
397 1178 513 1239 ‘Teste
528 1198 581 1239 me
596 1179 666 1259 ipso
685 1179 772 1259 apud
792 1177 1116 1239 Westmonasterium
1131 1180 1231 1241 tercio
1254 1180 1306 1241 die
1328 1180 1422 1258 Maii,

102 1246 210 1362 ffilffif’
277 1290 361 1333 anno
372 1273 464 1354 regni
473 1274 574 1334 nostri
583 1274 709 1357 Angliae
721 1273 971 1354 quintodecimo,
980 1275 1073 1356 regni
1082 1294 1157 1336 vero
1166 1276 1266 1336 nostri
1278 1275 1422 1336 Franciae

102 1372 153 1407 ΛΦ·
165 1362 229 1408 1341.
278 1365 438 1427 secundo!

101 1468 252 1540 Thefdean‘
344 1464 385 1496 “‘
395 1460 548 1533 Quocirca
574 1462 636 1524 tibi
666 1461 804 1523 firmiter
830 1460 1030 1545 injungendo
1055 1463 1244 1524 mandamus
1269 1454 1422 1544 quatinus

101 1527 253 1632 {offfiffltffl
278 1576 374 1637 snper
394 1557 569 1638 praemissis,
589 1557 739 1618 omnibus
761 1562 794 1618 et
816 1557 953 1640 singulis
975 1577 1050 1618 cum
1073 1559 1161 1620 omni
1183 1558 1357 1642 diligencia
1371 1559 1422 1619 in-

102 1643 206 1704 inquiry.
276 1653 402 1733 quirere
424 1672 489 1713 non
513 1653 654 1714 omittas.
711 1653 755 1713 Et
777 1653 931 1735 quicquid
954 1654 1030 1715 inde
1052 1654 1214 1716 inveneris
1244 1659 1279 1715 et
1308 1653 1422 1716 feceris

276 1746 369 1809 nobis
388 1753 534 1809 constare
550 1747 692 1828 plenarie
707 1747 804 1809 facias
819 1752 965 1829 tempore
980 1752 1138 1830 oportuno
1152 1769 1210 1830 per
1224 1753 1298 1810 tuas
1313 1748 1421 1810 literas

275 1847 425 1924 patentes
451 1847 486 1904 et
511 1842 634 1904 clausas
657 1841 773 1903 harum
804 1843 920 1904 seriem
950 1844 1167 1906 continentes.
1210 1843 1301 1905 Vale.
1346 1843 1421 1905 Dat.

13 1991 16 1997 .
101 1950 175 2010 York,
276 1939 363 2019 apud
377 1939 472 2000 Ebor.
488 1937 539 2022 iij⁰
554 1939 633 2001 Idus
653 1938 746 2017 Maii,
767 1939 862 2001 Anno
880 1939 1012 2001 Domini
1026 1939 1165 2001 M⁰ccc¹⁰⁰
1180 1940 1421 2021 quadragesimo

101 2010 231 2116 lllldr
276 2033 410 2113 Pfiffl0·”

101 2152 235 2211 meones
343 2132 384 2163 ‘⁶‘
395 2127 581 2208 Capitulum
598 2129 739 2190 ecclesiae
754 2129 848 2190 Beati
869 2129 959 2190 Petri
978 2129 1085 2206 Ebor.,
1100 2130 1222 2191 decano
1238 2134 1327 2191 extra
1349 2150 1419 2211 pro·

102 2211 251 2315 2232?ssss
276 2223 415 2284 vinciam
430 2228 558 2306 agente,
574 2221 837 2304 archiepiscopali
859 2223 1006 2304 ejusdem
1029 2224 1170 2286 ecclesiae
1186 2224 1261 2285 sede
1277 2228 1421 2301 vacante,

102 2329 229 2373 ‘dean’of
277 2317 396 2378 decano
419 2323 528 2380 nostro
550 2316 677 2398 Ripon’,
701 2317 849 2378 salutem.
894 2318 997 2379 Breve
1024 2319 1151 2402 regium
1175 2320 1355 2400 recepimus
1385 2320 1421 2380 in

102 2385 188 2445 ripun,
276 2409 344 2473 haeo
359 2411 457 2474 verba
467 2435 520 2475 2-

102 2538 117 2568 ι
127 2522 196 2568 letter
342 2510 383 2542 “‘
394 2511 403 2542 ‘
413 2507 597 2584 Edwardus,
609 2507 670 2568 Dei
685 2507 792 2590 gracia
806 2527 863 2567 rex
872 2507 997 2591 Angliae
1013 2512 1048 2569 et
1063 2509 1206 2569 Franciae
1223 2513 1257 2570 et
1271 2509 1421 2571 dominus

101 2582 228 2687 {322111'
277 2603 453 2682 Hibemiae,
468 2603 594 2664 custodi
609 2600 909 2683 Archiepiscopatus
921 2603 1016 2665 Ebor.
1027 2601 1102 2664 sede
1114 2607 1257 2681 vacante,
1270 2603 1419 2666 salutem.

99 2703 124 2744 to
134 2699 205 2747 tuom.
277 2699 359 2772 Quia
374 2719 431 2780 pro
445 2698 637 2780 quibusdam
648 2696 723 2780 jura
738 2718 860 2760 coronae
874 2702 991 2759 nostrae
1006 2698 1189 2780 specialiter
1208 2698 1420 2781 tangentibus

275 2795 438 2856 certiorari
458 2793 606 2854 volumus
622 2794 649 2854 si
664 2793 780 2875 aliquae
801 2793 934 2855 decimae
948 2814 1006 2855 seu
1021 2794 1092 2855 aliae
1107 2813 1157 2855 res
1174 2793 1356 2874 spirituales
1378 2795 1419 2855 ad

274 2888 434 2971 hospitale
459 2890 569 2952 Sancti
592 2887 750 2951 Johannis
780 2890 820 2952 de
844 2888 961 2970 Ripon'
985 2890 1173 2971 pertineant
1195 2908 1310 2966 necne,
1337 2894 1372 2951 et
1392 2889 1419 2950 si

274 2987 330 3064 sic,
346 2991 425 3047 tunc
441 3006 512 3067 quae
530 2985 662 3047 decimae
678 2989 713 3046 et
727 3005 798 3066 qnae
813 3005 864 3047 res
880 2986 1065 3068 spirituales
1087 2990 1123 3047 et
1143 2985 1201 3046 ubi
1224 2989 1259 3047 et
1280 2985 1419 3066 qualiter

275 3086 310 3143 et
333 3102 396 3163 quo
419 3082 525 3157 modo,
549 3081 638 3143 vobis
662 3081 852 3143 mandamus
878 3081 974 3163 quod,
997 3080 1109 3144 habita
1128 3101 1224 3162 super
1246 3080 1419 3163 praemissis

273 3176 503 3240 informacione
518 3176 666 3258 pleniori,
681 3196 740 3239 nos
754 3177 795 3238 de
811 3197 849 3238 eo
864 3178 950 3258 quod
965 3177 1156 3239 inveneritis
1175 3179 1212 3237 in
1231 3176 1420 3238 cancellaria

273 3278 382 3335 nostra
405 3272 464 3334 sub
486 3272 593 3356 sigillo
616 3278 721 3333 vestro
747 3272 829 3334 bene
855 3272 1012 3334 distincte
1039 3277 1074 3334 et
1097 3277 1208 3354 aperte
1231 3293 1306 3334 oum
1330 3272 1419 3333 omni

273 3367 438 3429 celeritate
453 3368 595 3429 reddatis
611 3369 772 3444 certioreS,
788 3364 849 3427 hoc
864 3367 959 3428 breve
973 3367 1065 3428 nobis
1079 3368 1297 3430 remittentes.

341 3466 380 3498 “‘
394 3463 509 3523 ‘Teste
532 3463 664 3542 meipso
677 3462 763 3542 apud
786 3462 1120 3540 Westmonasterium,
1135 3463 1235 3524 tercio
1257 3463 1309 3523 die
1325 3462 1419 3540 Maii,

273 3576 358 3617 anno
366 3556 459 3638 regni
470 3556 571 3616 nostri
582 3554 707 3637 Angliae
717 3562 782 3633 xv0,
793 3556 887 3639 regni
899 3576 973 3617 vero
985 3558 1086 3618 nostri
1099 3557 1242 3618 Franoiae
1254 3556 1417 3617 secundo'

340 3654 380 3686 “‘
391 3650 544 3723 Quocirca
564 3650 626 3711 tibi
650 3649 786 3710 firmiter
808 3650 1010 3734 injungendo
1033 3650 1235 3726 mandamus,
1260 3651 1415 3731 quatinus

273 3768 330 3830 per
339 3747 421 3808 viros
432 3745 612 3829 fidedignos
623 3745 664 3807 de
676 3744 753 3806 villa
764 3745 880 3827 Ripon'
888 3751 922 3807 et
934 3746 1012 3808 locis
1023 3747 1149 3824 vicinis,
1155 3745 1281 3827 juratos
1292 3751 1326 3806 et
1338 3746 1414 3806 dili-

272 3847 387 3927 genter
407 3841 614 3917 examinatos,
629 3840 866 3923 praemissorum
881 3839 1039 3904 habentes
1054 3842 1209 3903 noticiam
1224 3839 1418 3922 pleniorem,

272 3940 364 4002 bonae
385 3937 489 4015 famae,
505 3957 570 3998 non
588 3940 764 4018 suspectos,
780 3956 876 4017 super
893 3938 1067 4019 praemissis
1084 3936 1260 4020 diligenter
1274 3936 1417 4016 inquiras

272 4055 330 4117 per
359 4035 467 4097 omnia
489 4032 679 4098 veritatem.
724 4033 768 4092 Et
797 4052 855 4093 nos
885 4033 926 4094 de
956 4034 1045 4095 omni
1070 4032 1217 4113 eoquod
1242 4029 1355 4092 feceris
1382 4037 1417 4094 et

272 4129 433 4192 inveneris
456 4129 491 4189 in
512 4127 683 4210 praemissis
704 4131 738 4188 et
753 4127 836 4188 circa
854 4146 903 4204 ea,
917 4127 1011 4208 plene
1030 4133 1065 4189 et
1080 4127 1233 4188 distincte
1249 4125 1416 4205 certifices,

272 4226 406 4308 negocio
428 4224 578 4306 expedito
601 4243 658 4305 per
679 4223 791 4284 literas
811 4226 885 4284 tuas
904 4226 1056 4304 patentes
1074 4221 1189 4284 harum
1208 4221 1323 4283 seriem
1342 4243 1416 4284 con·

272 4322 427 4383 tinentes.
450 4319 539 4381 Vale.
572 4318 646 4379 Dat.
659 4317 754 4379 Ebor.
766 4322 800 4376 v⁰
809 4316 887 4379 Idus
897 4317 988 4395 Maii,
1000 4318 1094 4379 Anno
1103 4317 1234 4378 Domini
1243 4317 1417 4380 millesimo

273 4421 360 4478 οοο1110
375 4415 618 4496 quadragesimo
633 4411 768 4495 primo.’'
