3074 5032
260 353 434 405 EXTRAOI'S
459 349 557 404 111οΜ
583 352 679 404 YORK
705 351 919 420 nnalsrnns3
946 351 1108 405 GIFFARD.

108 543 218 585 curam
234 521 412 584 eorundem
434 521 535 583 libere
559 520 704 583 conferre
728 541 907 603 possemus,
929 523 1039 605 ipsum
1052 522 1089 583 in
1112 523 1259 584 summa¹

109 665 117 682 .
142 663 150 680 .
175 665 184 681 .
200 619 341 680 libenter
353 619 598 698 respiceremuS,
610 622 645 678 et
655 615 738 678 hanc
753 617 806 679 vel
820 618 916 680 aliam
925 618 1258 699 recompensacionem

107 735 345 797 quamcumque
360 713 453 775 nobis
468 714 652 794 possibilem
666 713 854 791 faceremus,
871 718 905 776 et
919 734 976 795 pro
991 734 1125 775 munere
1140 734 1257 796 magno

107 817 299 893 reputantes
315 810 355 871 ad
373 809 526 891 speciales
541 810 719 892 graciarum
737 811 882 871 acciones
897 830 956 873 nos
972 810 1019 870 eis
1035 815 1257 891 reputaremus

109 906 292 988 specialiter
307 905 475 989 obligatos·
520 906 668 967 Placeret
683 906 785 967 eciam
800 906 892 968 nobis
916 907 943 967 si
964 906 1026 987 ipsi
1048 907 1083 966 in
1106 904 1166 967 hoc
1182 925 1258 967 con-

110 1004 231 1064 sentire
254 1001 389 1080 vellent,
405 1002 431 1062 si
454 1001 571 1063 melius
594 1003 726 1062 omnino
748 1006 858 1083 posset
880 1001 1031 1083 optineri,
1052 1001 1257 1083 praebendam

108 1099 235 1181 Rypon’
258 1104 356 1160 certae
378 1118 521 1179 personae
543 1117 601 1180 pro
624 1119 681 1159 sua
702 1098 870 1159 voluntate
893 1096 1048 1176 conferre,
1072 1098 1098 1158 si
1121 1097 1258 1159 aliorum

108 1194 342 1256 beneficiorum
358 1193 488 1255 collacio
503 1214 561 1276 per
575 1194 835 1274 redempcionem
851 1199 884 1254 et
905 1194 1161 1276 resignacionem
1176 1214 1257 1274 prae·

108 1291 231 1352 dictam
261 1290 355 1352 nobis
385 1297 492 1371 posset
528 1289 629 1351 libere
659 1290 824 1352 reservari.
870 1289 945 1351 Hiis
982 1290 1084 1372 igitur
1122 1296 1157 1351 et
1186 1290 1258 1352 aliis

107 1386 293 1448 nacionibus
315 1386 446 1447 motivis
468 1406 546 1467 quas
561 1391 668 1446 vestra
689 1386 811 1467 poterit
833 1386 985 1447 discrecio
1000 1386 1145 1447 invenire
1160 1406 1259 1470 nego·

108 1483 198 1544 cium
213 1483 322 1565 ipsum
338 1483 423 1543 sicut
437 1483 567 1543 caucius
583 1481 734 1563 poteritis
749 1501 935 1562 promovere
952 1482 1120 1548 studeatis.

178 1674 374 1752 Ottobonus,
397 1679 459 1737 etc.
482 1662 629 1737 discretis
652 1675 729 1736 viris
754 1719 762 1737 .
787 1719 795 1736 .
819 1673 1041 1736 collectoribus
1065 1674 1199 1740 decimae
1219 1674 1259 1734 il·
1285 1674 1356 1732 (104)

110 1772 208 1833 lustri
230 1771 301 1852 regi
323 1770 447 1853 Angliae
469 1771 510 1832 ab
534 1770 718 1851 Apostolica
746 1770 821 1831 sede
846 1790 1002 1831 concessae
1028 1771 1063 1836 in
1087 1767 1258 1851 archiepis·
1284 1734 1414 1852 pprmiaapa

111 1872 231 1949 copatu
252 1867 359 1943 Ebor,
377 1865 516 1928 salutem
537 1867 572 1927 in
596 1866 711 1928 salutis
735 1871 876 1927 auctore.
922 1866 1004 1928 Cum
1027 1866 1183 1951 discretus
1198 1866 1258 1943 vir,
1284 1874 1417 1934 Thepapu

110 1962 272 2026 Percivall
286 1962 387 2024 frater
401 1968 520 2040 noster,
536 1963 659 2024 domini
676 1983 765 2044 papae
783 1963 997 2025 subdiaconus
1016 1966 1050 2023 et
1065 1961 1258 2044 capellanus,
1283 1934 1423 2039 ¹55&ssssss

110 2061 206 2122 Ebor.
239 2066 273 2120 et
303 2060 420 2141 Ripon.
456 2059 661 2120 ecclesiarum
688 2061 871 2137 canonicus,
898 2060 934 2121 in
965 2060 1096 2123 servicio
1120 2059 1258 2121 illustris
1284 2044 1431 2158 {igrffife‘

109 2157 196 2238 regis
211 2154 349 2238 Angliae,
370 2154 567 2217 turbacionis
591 2155 730 2236 procella
753 2176 856 2237 nuper
879 2161 988 2217 contra
1007 2157 1114 2238 ipsum
1138 2161 1258 2234 exorta,
1285 2171 1346 2216 sian
1357 2172 1399 2215 not

109 2251 231 2312 multas
247 2272 401 2333 expensas
416 2251 543 2312 utiliter
552 2250 665 2312 fecerit
674 2273 683 2325 ;
707 2256 742 2312 et
752 2251 900 2313 officiales
912 2273 948 2313 ac
959 2253 1100 2314 ministri
1113 2252 1260 2334 ejusdem
1284 2243 1333 2296 W
1346 2229 1436 2279 tentus.

109 2349 206 2431 regie,
237 2368 294 2429 pro
317 2347 462 2408 custodia
484 2346 580 2407 castri
611 2346 718 2423 Ebor,
748 2349 909 2428 quandam
938 2354 1064 2430 partem
1093 2347 1260 2410 fructuum

109 2443 289 2526 praebendae
305 2464 370 2504 suae
387 2442 481 2504 Ebor.
497 2439 647 2504 habuisse
670 2443 840 2518 dicantur3
863 2444 1051 2506 discrecioni
1067 2450 1181 2507 vestrae
1197 2464 1261 2525 qua

109 2539 279 2622 fungimur
301 2540 494 2600 auctoritate
509 2538 712 2616 mandamus
735 2540 889 2621 quatinus
912 2539 953 2601 ab
975 2541 1055 2622 ipso,
1079 2540 1131 2605 vel
1153 2541 1262 2621 aliquo

62 2684 63 2687 ¹
109 2635 173 2696 alio
195 2655 256 2716 pro
282 2656 330 2712 eo,
354 2635 514 2696 decimam
544 2635 584 2696 de
609 2636 821 2716 proventibus
852 2636 1097 2717 praebendarum
1128 2656 1260 2697 suarum

108 2731 217 2793 eidem
239 2732 310 2813 regi
332 2731 478 2793 debitam
500 2730 688 2792 nullatenus
711 2732 867 2815 exigatis:
891 2736 935 2809 et,
959 2733 986 2794 si
1009 2732 1088 2814 quid
1104 2732 1261 2814 exegistis

108 2848 167 2909 pro
183 2827 252 2909 ipsa
267 2827 402 2904 decima,
417 2827 598 2888 restituatis
615 2828 720 2889 eidem
743 2828 795 2889 vel
818 2829 1016 2909 procuratori
1033 2848 1091 2889 suo
1105 2848 1162 2909 pro
1178 2829 1259 2908 ipso,

108 2925 289 3002 interdicti,
313 2924 542 3005 suspensionis,
565 2924 615 2985 vel
638 2925 982 2986 excommunicacionis
1006 2925 1198 3002 sentencias,
1223 2925 1259 2993 in

108 3019 235 3101 aliquas
251 3040 402 3102 personas
416 3019 469 3081 vel
484 3019 554 3081 loca
573 3022 737 3081 occasione
752 3019 941 3102 hujusmodi
956 3021 1097 3103 prolatas
1113 3041 1131 3082 a
1153 3020 1259 3099 nobis,

110 3116 182 3176 sine
204 3114 395 3176 difficultate
419 3114 565 3196 qualibet
587 3114 749 3176 relaxetis.
796 3116 869 3177 Dat.
887 3117 1033 3177 London.
1057 3115 1079 3197 ij
1103 3115 1257 3177 kalendas

107 3211 203 3287 Maii,
217 3210 425 3292 pontificatus
441 3211 565 3289 domini
581 3210 759 3273 Clementis
774 3232 865 3293 papae
881 3211 942 3294 iiij,
959 3231 1044 3272 anno
1060 3211 1198 3292 quarto.²

176 3403 350 3481 Walterus,
365 3404 586 3484 permissione,
601 3408 663 3465 etc.
687 3403 815 3466 dilectis
832 3406 868 3465 in
884 3402 1011 3467 Christo
1025 3403 1101 3464 filiis
1116 3404 1257 3485 capitulo
1282 3405 1382 3510 9322)

108 3500 237 3581 Rypon,
254 3498 403 3561 salutem.
448 3500 559 3561 Nostis
583 3501 743 3581 quomodo
758 3521 816 3562 nos
840 3506 875 3562 et
895 3500 1001 3562 caeteri
1023 3501 1148 3582 praelati
1163 3521 1256 3583 regni
1281 3524 1369 3569 directa

107 3596 246 3678 Angliae,
261 3616 367 3677 nuper
381 3596 466 3677 apud
482 3596 616 3657 London
631 3599 828 3679 congregati,
844 3601 1014 3680 urgentem
1023 3599 1256 3680 ingentemque
1281 3583 1421 3700 ‘mimo

108 3693 339 3753 necessitatem
362 3691 485 3752 domini
507 3692 608 3752 nostri
632 3693 719 3774 regis
742 3698 777 3753 et
799 3693 955 3769 Edwardi‚
971 3693 1179 3775 primogeniti
1196 3694 1257 3771 sui,
1281 3700 1392 3747 vicesima

108 3789 144 3848 in
168 3788 273 3849 Terrae
301 3786 427 3848 Sanctae
453 3787 633 3850 subsidium
659 3788 902 3870 proficiscentis,
927 3791 990 3870 pia,
1014 3793 1112 3871 prout
1136 3789 1256 3864 decuit,

108 3883 281 3946 affeccione
304 3887 488 3964 pensantes,
512 3884 552 3945 ad
567 3904 676 3965 preces
701 3889 735 3946 et
757 3884 948 3946 instanciam
970 3886 1125 3966 ipsorum,
1141 3904 1256 3945 manus

108 3981 285 4042 eorundem
315 3978 411 4040 aliter
441 3980 575 4040 evadere
605 4000 671 4040 non
700 3980 857 4058 valentes,
884 3982 1068 4042 vicesimam
1098 3981 1256 4041 bonorum
1281 3986 1332 4031 The
1358 4045 1364 4056 .

108 4081 292 4138 nostrorum
322 4075 562 4155 temporalium,
589 4081 624 4137 et
652 4077 841 4137 tenencium
871 4078 1016 4138 omnium
1048 4074 1255 4138 ecclesiarum
1281 4046 1412 4162 {stiffi

161 4234 203 4304 (1)
223 4234 281 4288 The
300 4251 360 4287 sum
377 4232 401 4287 is
418 4240 467 4287 not
485 4234 590 4300 named,
602 4233 653 4288 but
664 4234 693 4300 ι11
705 4235 798 4288 would
810 4252 881 4288 seem
899 4237 962 4289 thet
980 4235 1027 4288 1111
1040 4235 1210 4307 Archbishop
1228 4237 1260 4291 of

108 4312 182 4366 Yorlr
194 4331 251 4367 was
264 4312 373 4382 obliged
385 4318 415 4365 to
428 4312 494 4367 offer
505 4331 603 4384 money
614 4319 643 4367 to
661 4320 707 4383 get
723 4314 779 4367 this
797 4315 899 4368 Italian
916 4315 1042 4386 pluralist
1058 4322 1089 4370 1ο
1106 4316 1196 4387 resign
1214 4317 1257 4371 his

110 4392 219 4462 English
232 4391 418 4463 preferments.

162 4471 207 4542 (2)
225 4469 342 4526 Printed
353 4469 381 4524 in
393 4469 500 4527 Raine’s
514 4471 654 4540 ‘Letters,’
665 4489 691 4543 p.
705 4472 747 4527 13.
