3074 5032
229 345 403 396 EXTRACTS
430 344 526 397 subu
552 344 649 396 YORK
675 343 888 408 assisina&
929 341 1141 394 CORBRIDGE.

109 513 243 576 decreto
272 512 471 576 visitacionis
500 516 618 574 nostrae
648 504 737 573 vobis
762 511 874 572 relicto
898 514 1052 573 contenta
1078 507 1259 571 redduntur

110 609 281 692 neglecta3
302 609 340 670 in
371 609 552 670 elusionem
579 608 726 669 mandati
752 608 856 669 nostri
879 605 1079 690 hujusmodi,
1103 623 1168 666 non
1192 602 1261 662 sine

112 711 192 768 nota
213 705 447 767 inobedienciae
470 708 505 766 et
531 709 750 786 contemptus,
765 708 896 784 propter
919 703 1006 786 quod
1032 719 1197 784 possemus
1213 698 1264 757 in·

111 803 303 866 obedientes
334 801 485 862 canonice
515 801 700 882 punivisse3
738 800 805 862 Nos
836 806 947 860 tamen
977 795 1262 858 mansuetudinem

111 899 213 982 rigori
229 896 389 978 praeferre,
405 902 439 958 et
455 897 556 958 dictos
579 896 804 958 inobedientes
818 895 860 957 ad
881 894 1003 956 bonum
1019 892 1213 954 obedienciae
1227 891 1264 950 in

112 993 290 1056 visceribus
321 993 467 1054 caritatis
497 997 635 1054 tractare
662 992 819 1070 volentes,
845 991 935 1053 vobis
965 989 1155 1052 mandamus
1184 1006 1264 1066 qua-

111 1091 216 1167 tinuS,
237 1089 321 1151 lecta
344 1088 474 1170 puplice
496 1088 666 1149 literarum
689 1088 783 1163 serie,
798 1082 925 1148 tam'in
951 1085 1085 1148 ecclesia
1108 1102 1205 1164 quam
1227 1082 1263 1147 in

110 1186 255 1268 capitulo
279 1190 387 1246 vestro
411 1184 535 1265 Rypon’
551 1183 778 1245 assistentibus
801 1183 971 1244 cotidianis
993 1180 1152 1242 ministris
1174 1176 1262 1260 ejus-

111 1283 198 1358 dem,
214 1281 408 1341 auctoritate
432 1285 541 1340 nostra
564 1280 724 1341 moneatis
747 1279 865 1339 iterato
888 1282 922 1339 et
944 1277 1092 1360 legitime
1113 1273 1261 1356 praefatos

111 1397 167 1438 sex
197 1377 410 1457 porcionarios
425 1381 470 1436 'et
496 1376 603 1436 citetis
629 1375 856 1456 peremptorie,
883 1394 963 1455 quos
992 1393 1032 1436 ex
1057 1369 1261 1433 habundanti

110 1493 281 1533 monemus
318 1477 430 1532 tenore
469 1471 681 1553 praesencium
711 1475 745 1531 et
784 1471 934 1549 citamus,
964 1468 1050 1550 quod
1080 1466 1164 1533 infra
1194 1472 1260 1526 tres
1285 1462 1405 1567 {mm

109 1589 239 1630 menses
254 1589 273 1629 a
287 1569 472 1649 recepcione
487 1567 699 1648 praesenciam
714 1566 755 1627 ad
769 1565 936 1648 praefatam
952 1564 1120 1629 ecclesiam
1136 1562 1261 1643 Rypou’
1285 1582 1369 1650 nisped
1379 1588 1404 1628 to

109 1665 266 1726 accedant
296 1662 414 1724 facturi
436 1664 471 1724 in
502 1664 572 1744 ipsa
595 1663 817 1739 residenciam,
848 1662 1009 1742 adquam
1038 1664 1195 1723 tenentur
1221 1662 1260 1719 ut
1284 1641 1372 1744 ξξῗξξξῃ

109 1760 332 1842 praemittitur,
349 1759 558 1840 personalem,
575 1758 636 1820 sub
657 1779 752 1840 poena
774 1758 926 1819 canonica
949 1776 1046 1838 quam
1061 1758 1172 1815 contra
1194 1773 1259 1813 non
1284 1758 1351 1801 three

110 1855 261 1939 parentes
287 1875 327 1916 ex
350 1860 429 1916 tuuc
445 1856 628 1916 curabimus
650 1873 808 1930 exercere,
823 1872 921 1935 quern
944 1851 1133 1924 terminum,
1148 1846 1260 1908 habito
1284 1817 1388 1862 nronths.

111 1955 265 2032 respectu
280 1950 321 2011 ad
344 1951 561 2012 monicionem
584 1951 631 2010 eis
647 1949 717 2031 jam
739 1950 828 2030 prius
844 1949 973 2024 factam,
991 1945 1203 2006 sufficientem
1227 1948 1260 2005 et

110 2048 268 2108 diffusum
283 2047 400 2108 merito
410 2050 612 2128 reputamus,
625 2050 660 2106 et
675 2050 805 2126 propter
815 2044 996 2125 periculum
1006 2041 1092 2123 quod
1107 2040 1260 2108 imminet

109 2144 293 2204 animarum
315 2143 364 2203 eis
389 2143 558 2223 praecisum
581 2149 616 2202 et
642 2143 895 2222 peremptorium
920 2140 1131 2221 assignamus,
1148 2155 1259 2201 omnes
1286 2143 1433 2204 sequacem

108 2239 237 2301 fructus
268 2244 302 2299 et
332 2243 508 2319 proventus
532 2238 572 2298 ad
603 2257 808 2298 communem
834 2242 972 2298 vestram
1000 2238 1194 2316 spectantes,
1219 2252 1259 2295 ex
1278 2205 1409 2322 {522ssss

108 2354 198 2395 nunc
214 2334 310 2394 certis
326 2334 366 2394 de
383 2334 485 2416 causis
503 2339 536 2395 et
551 2322 708 2416 legitimis
727 2329 839 2393 tenore
862 2332 1072 2413 praesencium
1092 2330 1127 2389 in
1142 2328 1258 2388 vestris
1283 2323 1424 2426 mam

108 2431 263 2492 manibus
287 2435 537 2511 sequestrantes.
583 2430 633 2490 De
656 2430 708 2490 die
725 2448 799 2490 vero
825 2428 1020 2509 recepcionis
1044 2425 1256 2508 praesencium
1281 2445 1384 2508 spectan-

108 2525 300 2586 monicionis
326 2525 427 2585 eciam
450 2530 485 2586 et
507 2525 683 2600 citacionis‚
710 2529 744 2585 et
766 2523 951 2584 nominibus
975 2528 1044 2582 tam
1068 2520 1256 2601 parencium
1281 2514 1348 2546 cmm.

109 2642 208 2702 quam
238 2641 304 2681 non
333 2622 522 2701 parencium
552 2620 728 2682 monicioni
758 2624 793 2681 et
815 2620 964 2680 citacioni
990 2616 1152 2700 praedictis
1176 2616 1257 2676 citra

109 2717 237 2798 lapsum
260 2717 361 2777 trium
387 2719 548 2778 mensium
564 2719 802 2798 praedictorum,
819 2721 854 2777 et
879 2715 1034 2798 quicquid
1056 2712 1198 2774 feceritis
1221 2712 1256 2772 in

108 2813 294 2895 praemissis,
310 2832 368 2873 nos
384 2813 536 2874 distincte
554 2818 589 2874 et
603 2817 713 2894 aperte
729 2810 903 2872 certificare
919 2811 1039 2871 curetis
1063 2829 1118 2890 per
1134 2812 1256 2874 vestras

109 2914 261 2990 patentes
277 2908 388 2968 literas
403 2907 518 2969 harum
535 2909 650 2970 seriem
666 2909 879 2969 continentes.
918 2906 1041 2968 Valcte.
1081 2905 1156 2972 Dat.
1170 2904 1257 2984 apud

111 3003 234 3082 Cawod,
266 3023 286 3064 v
317 3003 396 3064 Idas
427 3004 599 3066 Novembr.
623 3005 717 3064 Anno
747 3004 861 3086 graciae
891 3003 1009 3064 Μθοοοο
1040 2999 1191 3077 secund0,
1222 3003 1257 3060 et

107 3099 318 3181 pontificatus
333 3101 436 3160 nostri
452 3102 562 3163 tercio

175 3291 325 3372 Capitulo
340 3297 450 3353 nostro
466 3291 600 3372 Rypon’,
612 3292 761 3369 salutem,
772 3293 922 3374 graciam,
933 3295 967 3353 et
982 3289 1254 3351 benediccionem.
1282 3286 1337 3347 (⁷⁰)

1281 3359 1325 3391 ruo
1345 3347 1409 3392 1302.
1494 3347 1498 3356 '

108 3389 191 3452 Cum
207 3389 358 3450 dominus
374 3389 511 3470 Egidius
520 3389 561 3450 de
573 3389 765 3451 Audenardo
775 3389 935 3455 confrater
949 3392 1056 3448 vester
1071 3386 1254 3467 porcionem
1280 3405 1341 3450 Nov.
1353 3408 1374 3451 9.

107 3487 142 3546 in
159 3485 294 3547 ecclesia
316 3490 427 3546 nostra
453 3484 567 3565 Rypon
591 3505 700 3545 curam
723 3486 905 3550 animarum
932 3482 1117 3561 habentem,
1132 3484 1168 3544 in
1191 3504 1254 3565 qua
1282 3488 1368 3534 staca

107 3580 254 3642 consistit
270 3579 470 3642 thesauraria
484 3580 631 3662 ejusdem
646 3581 789 3642 ecclesiae
811 3581 935 3642 notorie
950 3586 1074 3657 teneat,
1089 3600 1155 3640 una
1177 3600 1253 3641 cum
1279 3555 1394 3652 mlum

106 3677 179 3738 aliis
194 3676 360 3738 beneficiis
376 3697 485 3736 curam
511 3677 694 3737 animarum
709 3674 914 3754 habentibus,
934 3679 970 3737 in
986 3697 1051 3737 suae
1068 3680 1101 3737 et
1116 3675 1253 3737 aliorum
1278 3666 1430 3772 {mm

106 3772 250 3855 plurium
265 3771 446 3853 periculum
462 3773 654 3850 animarum,
671 3793 706 3833 ac
721 3773 938 3855 perniciosum
954 3771 1147 3853 exemplum,
1163 3771 1252 3831 vobis
1279 3785 1412 3828 canonicum

106 3868 296 3930 mandamus
333 3868 486 3948 quatinus
527 3867 634 3928 citetis
659 3869 876 3949 peremptorie
902 3868 1072 3949 praefatum
1097 3867 1252 3948 Egidium
1277 3841 1412 3945 gfflffi,

106 3966 190 4046 quod
207 3965 406 4026 sufficienter
422 3969 456 4025 et
478 3963 626 4046 legitime
649 3969 833 4045 compareat
857 3979 963 4048 coram
985 3964 1077 4025 nobis
1092 3963 1144 4023 vel
1167 3981 1252 4021 com·
1273 3959 1395 4060 privileylio

105 4062 260 4123 missariis
291 4060 420 4135 nostrie,
448 4079 513 4120 uno
538 4059 590 4120 vel
620 4059 777 4145 pluribus,
806 4061 841 4120 in
867 4065 977 4120 nostra
1000 4059 1095 4123 Ebor.
1120 4056 1253 4117 ecclesia
1277 4033 1404 4122 1111111111.

106 4157 249 4239 proximo
265 4156 318 4216 die
338 4154 481 4236 juridico
505 4159 581 4235 post,
602 4156 728 4216 instans
751 4155 872 4216 festum
896 4155 1007 4218 Sancti
1031 4152 1171 4228 Hillarii,
1188 4152 1253 4212 dis-

106 4245 313 4335 pen‘saciones
330 4258 364 4312 et
384 4249 460 4332 jura
476 4251 680 4328 sufficiencia,
698 4252 724 4312 si
748 4272 819 4336 quae
842 4249 1002 4326 habuerit,
1019 4268 1156 4331 quorum
1180 4269 1254 4308 auc-

106 4351 235 4410 toritate
267 4347 390 4409 dictam
419 4347 602 4427 porcionem
634 4356 668 4408 et
703 4348 900 4430 dignitatem
930 4367 1041 4407 curam
1071 4345 1254 4406 animarum

107 4441 293 4521 habentem,
310 4463 376 4504 una
392 4463 466 4503 cum
482 4442 554 4504 aliis
569 4443 735 4506 beneficiis
747 4463 855 4504 curam
865 4444 1047 4505 animarum
1058 4441 1254 4508 habentibus
