3074 5032
638 342 845 394 truncamus
871 342 915 394 01¹¹
941 340 1064 392 RIPON.

279 511 443 594 magistris
465 512 518 575 W.
541 512 582 573 de
607 510 745 588 Beuerl’‚
760 511 812 575 W.
837 511 877 572 de
902 508 1047 588 Estden’,
1070 507 1203 570 domino
1226 506 1368 570 Roberto
1391 509 1432 572 de

280 605 440 689 Notingh.
472 616 506 669 et
536 608 671 669 Ricardo
702 607 742 668 de
774 605 894 670 Clifton
928 607 1054 668 notario
1083 603 1248 685 pupplico,
1279 603 1432 666 dominus

281 700 455 765 Nicholaus
470 703 510 764 de
526 704 714 786 Bondegate
733 702 859 785 juravit
881 704 916 762 in
939 701 1036 763 verbo
1058 700 1130 778 Dei,
1145 699 1302 780 inspectis
1318 700 1432 762 Ewan·

279 798 375 879 geliis
390 801 512 880 apertis
527 820 634 861 coram
657 820 704 876 eo,
721 802 877 860 contenta
893 797 1024 879 singula
1046 797 1082 857 in
1106 816 1171 856 suae
1194 796 1432 858 commissionis

280 893 376 955 litera
404 895 545 956 fideliter
575 895 752 957 observare.
821 893 865 955 Et
894 893 1101 976 postmodum
1134 890 1260 973 juravit
1299 891 1431 954 domino

281 990 467 1050 canonicam
483 991 704 1053 obedientiam
719 989 795 1052 etc.¹

347 1125 544 1204 Willelmus,
569 1132 642 1202 etc,
667 1127 786 1189 dilecto
816 1127 850 1187 in
882 1123 1009 1188 Christo
1039 1125 1116 1202 filio,
1143 1123 1276 1186 domino
1302 1124 1431 1207 Rogero

283 1220 406 1302 Swayn,
422 1224 574 1284 canonico
597 1222 738 1285 ecclesiae
761 1227 879 1284 nostrae
902 1221 1029 1304 Ripon',
1054 1221 1204 1295 salutem,
1227 1220 1380 1302 graciam,
1397 1225 1431 1282 et

106 1311 207 1413 saw
285 1317 558 1380 benediccionem.
605 1319 687 1392 Quia
703 1320 883 1381 custodiam
899 1317 1068 1400 hospitalis
1083 1318 1192 1379 Beatae
1208 1317 1322 1377 Mariae
1337 1317 1431 1401 Mag-

143 1443 168 1472 ea
281 1413 404 1474 dalenae
429 1413 545 1495 Ripon'
571 1435 646 1476 curn
677 1415 827 1476 omnibus
853 1414 984 1496 juribus
1015 1419 1048 1475 et
1078 1413 1290 1494 pertinenciis
1316 1414 1431 1494 ipsine,

106 2916 162 2976 (34)

103 2989 156 3023 ao.
168 2977 232 3022 1306.

103 3038 158 3082 Oct.
169 3039 204 3082 16.

107 3119 127 3164 C

125 3134 237 3164 ommisseo

103 3179 137 3223 ad
145 3179 227 3222 admit·

104 3239 164 3282 tend.
172 3253 230 3295 pnr-

101 3296 217 3355 gerionem

104 3354 207 3398 Patricia*
219 3355 246 3398 de

106 3412 241 3471 Braffreton

105 3463 173 3540 rupis
183 3471 249 3528 lapsu

104 3543 189 3574 curura.

15 3906 21 3912 -
107 3878 146 3923 He
156 3880 236 3924 denies

107 3938 148 3982 the
159 3939 255 3997 charge.

106 4154 232 4201 Canonical

106 4226 213 4271 compur-

106 4272 198 4330 gerion.

280 1528 407 1570 necnon
431 1510 751 1572 administracionem
773 1511 931 1573 bonorum
946 1508 1115 1592 hospitalis
1138 1508 1287 1590 ejusdem
1310 1507 1430 1571 dilecto

280 1606 317 1665 in
334 1603 460 1667 Christo
483 1607 560 1684 filio,
576 1608 708 1669 domino
722 1606 880 1668 Nicholao
895 1608 935 1668 de
952 1607 1140 1688 Bondegate
1162 1604 1328 1685 capellano
1344 1624 1430 1665 eom-

281 1702 441 1780 misimus,
457 1707 565 1764 amoto
579 1705 669 1785 prius
691 1723 730 1765 ex
745 1705 842 1765 certis
866 1707 901 1764 et
922 1702 1081 1785 legitimis
1106 1701 1209 1762 causis
1224 1700 1366 1761 Patricio
1388 1701 1429 1762 de

283 1797 464 1859 Brafferton
480 1819 499 1859 a
522 1800 668 1861 custodia
682 1798 851 1881 hospitalis
867 1799 1025 1880 praedicti,
1041 1803 1075 1860 et
1097 1796 1138 1860 ab
1161 1797 1249 1858 omni
1273 1796 1430 1857 adminis-

281 1895 424 1955 tracione
439 1894 597 1956 bonorum
620 1894 767 1978 ejusdem
782 1898 913 1977 penitus
936 1894 1096 1972 absoluto,
1112 1894 1201 1954 vobis
1225 1893 1429 1970 mandamus,

280 1988 418 2050 firmiter
433 1989 644 2073 injungentes
667 1993 820 2073 quatinus
843 1993 968 2054 dictum
991 1991 1161 2052 dominum
1176 1987 1369 2050 Nicholaum
1394 1989 1429 2049 in

280 2084 473 2163 corporalem
488 2088 721 2167 possessionem
738 2088 891 2149 custodiae
907 2092 942 2148 et
953 2085 1247 2147 administracionis
1258 2081 1429 2164 hospitalis

280 2181 427 2260 praedicti
453 2181 521 2242 vice
546 2187 667 2259 nostra,
695 2185 808 2244 statim
838 2184 976 2264 receptis
1006 2181 1229 2264 praesentibus,
1245 2180 1429 2256 inducatis3

280 2275 492 2358 injungentes
516 2278 665 2339 omuibus
690 2283 725 2339 et
753 2279 891 2361 singulis
921 2279 1124 2354 tenentibus,
1152 2276 1368 2338 servientibus
1394 2282 1429 2338 et

279 2372 437 2432 ministris
447 2370 615 2454 hospitalis
626 2373 829 2455 ejusdem,ut
840 2376 927 2436 dicto
940 2375 1070 2437 domino
1080 2371 1248 2450 Nicholao,
1258 2377 1429 2452 tamquam

280 2467 408 2528 custodi
435 2473 470 2531 et
499 2470 754 2531 administratori
777 2491 796 2531 a
822 2472 915 2532 nobis
942 2470 1090 2553 legitime
1117 2469 1308 2546 constituto,
1331 2473 1429 2551 prout

279 2568 444 2640 tenentur,
474 2565 509 2625 in
539 2567 689 2628 omnibus
719 2564 830 2628 debite
859 2571 995 2647 pareant
1025 2571 1060 2628 et
1091 2565 1276 2627 intendant.
1337 2564 1428 2626 Bene

278 2659 397 2720 valete.
442 2661 516 2722 Dat.
533 2663 620 2743 apud
631 2661 777 2741 Wilton’,
786 2662 851 2745 xvij
869 2662 976 2724 Kal’n.
986 2662 1018 2723 N
1019 2661 1173 2742 ovembr,
1188 2659 1305 2743 pontif.
1322 2661 1427 2722 nostri

279 2774 364 2816 anno
379 2776 494 2836 pr1mo.

347 2899 540 2979 willelmus,
564 2908 626 2964 etc.
654 2903 782 2965 dilectis
808 2905 843 2965 in
869 2903 997 2967 Christo
1023 2903 1111 2981 filiis,
1134 2901 1274 2964 dominis
1299 2901 1453 2985 Rogero'

281 2996 393 3078 Swayn
424 3001 585 3076 canonico,
617 3004 652 3061 et
681 2999 838 3062 Nicholao
868 3002 908 3063 de
947 3002 1135 3083 Bondegate
1165 3000 1288 3061 decano
1317 3004 1429 3061 nostro

219 3119 223 3130 ·
280 3092 406 3174 Ripon’,
432 3095 582 3173 salutem,
607 3099 759 3178 graciam,
783 3103 817 3160 et
839 3098 1111 3159 benediccionem.
1156 3097 1298 3156 Visitato
1323 3115 1428 3176 nuper

280 3192 472 3253 auctoritate
495 3197 604 3254 nostra
629 3191 781 3275 hospitali
806 3194 915 3256 Beatae
939 3194 1052 3255 Mariae
1073 3192 1276 3275 Magdalenae
1299 3189 1428 3272 Ripon',

280 3287 367 3347 inter
397 3293 512 3348 caetera
541 3289 663 3351 ibidem
701 3291 899 3352 correcoione
937 3291 1035 3372 digna
1073 3291 1274 3370 compertum
1304 3286 1428 3364 extitit,

242 3411 248 3432 ‚
280 3382 459 3442 Patricium
470 3383 510 3444 de
521 3384 714 3463 Brafferton,
724 3392 804 3448 tunc
816 3388 1008 3470 magistrum
1021 3406 1078 3447 seu
1089 3383 1257 3446 custodem
1269 3380 1427 3464 ejusdem,

282 3497 379 3557 super
403 3476 617 3541 fornicacione
649 3501 707 3542 seu
737 3482 830 3563 lapsu
860 3485 964 3544 carnis
994 3503 1070 3544 cum
1095 3482 1233 3563 quadam
1256 3478 1360 3540 Alicia
1386 3477 1427 3541 de

280 3572 420 3632 Marton’
436 3580 590 3636 manente
613 3577 648 3636 in
673 3576 792 3639 Sutton
808 3580 996 3662 Hougraue‚
1011 3580 1051 3641 de
1075 3599 1139 3661 qua
1161 3577 1282 3659 pluries
1305 3574 1428 3656 prolem

281 3666 401 3727 dicitur
417 3670 598 3746 suscitasse,
613 3670 713 3733 fuisse
736 3679 867 3755 propter
882 3673 1029 3756 ejusdem
1051 3673 1199 3734 mulieris
1221 3670 1428 3751 frequentem

282 3762 317 3821 in
333 3759 485 3844 hospitali
501 3766 654 3846 praedicto
676 3789 838 3831 accessum
861 3771 903 3832 ad
921 3791 997 3832 eum
1020 3773 1058 3830 ut
1080 3767 1167 3830 fama
1181 3766 1319 3849 pertulit
1334 3764 1429 3828 diffa-

281 3862 417 3920 matum.
464 3859 534 3933 Quo
551 3882 646 3944 super
661 3863 721 3926 hoc
742 3867 839 3927 certis
854 3865 907 3928 die
931 3871 965 3927 et
988 3864 1057 3926 loco
1079 3884 1186 3926 eoram
1209 3862 1301 3924 nobis
1317 3865 1429 3924 vocato

282 3973 318 4014 ao
341 3956 550 4036 personaliter
574 3965 790 4041 comparente,
806 3963 1034 4043 praemissaque
1059 3960 1121 4021 sibi
1141 3958 1278 4041 objecta,
1300 3978 1428 4020 necnon

282 4069 413 4111 omnem
436 4053 596 4115 carnalem
614 4056 762 4137 copulam
785 4079 860 4119 cum
881 4057 1018 4119 muliere
1041 4055 1195 4136 praedicta
1217 4075 1236 4115 a
1259 4055 1429 4135 septennio

282 4143 370 4225 lapso
386 4148 466 4208 citra
483 4169 630 4231 expresse
646 4158 798 4234 negante,
815 4154 921 4215 eidem
946 4173 1042 4233 super
1056 4149 1117 4212 hoc
1139 4151 1371 4233 purgacionem
1395 4169 1428 4211 se

283 4239 473 4304 duodecima
484 4265 583 4306 manu
594 4247 832 4330 fidedignorum
846 4248 1025 4309 indiximus
1037 4247 1227 4309 faciendam.
1260 4245 1309 4307 De
1322 4251 1430 4307 vestra

282 4335 392 4417 itaque
409 4338 570 4401 industria
593 4342 791 4405 confidentes
815 4344 856 4405 ad
870 4345 1047 4426 recipiend.
1062 4342 1292 4425 purgacionem
1315 4338 1429 4424 hujus-

367 4455 409 4524 (1)
429 4456 494 4509 This
506 4462 710 4518 memorandum
722 4462 745 4516 is
758 4463 875 4519 inserted
887 4462 1009 4519 between
1021 4463 1069 4518 the
1081 4462 1187 4534 regular
1199 4461 1274 4518 lines.
