3074 5032
269 339 442 391 EXTRAOE'S
468 338 566 389 FROM
592 338 688 388 YORK
714 337 925 403 numerus&
952 337 1104 389 MELTON.

825 467 840 495 Ι

109 527 149 573 ex
165 506 311 569 fidelium
327 506 511 568 elemosinis
529 504 747 588 coadjuvetur.
793 505 888 567 Unde
909 506 1059 567 dominus
1073 506 1258 568 Willelmus

108 601 367 684 archiepiscopus
394 601 545 663 omnibus
571 600 830 662 benefactoribus
854 601 950 662 diotae
973 600 1101 663 fabricae
1121 602 1165 663 xl.
1187 603 1256 664 dies

108 699 268 775 concedit,
279 702 312 759 et
328 717 439 759 omnes
454 695 683 777 archiepiscopi
695 697 790 758 Ebor.
800 700 958 778 quotquot
973 717 992 758 a
1007 701 1150 778 tempore
1163 699 1257 760 Beati

108 793 252 855 Wilfridi
266 792 400 855 fuerunt
414 793 636 873 unusquisque
651 789 748 876 (pro)
764 812 797 853 se
811 791 843 851 xl
858 792 927 853 dies
942 792 1108 867 concedit3
1132 813 1257 854 summa

107 889 236 950 dierum
258 889 353 950 deme
371 887 436 970 xxij
454 909 493 965 0.,
509 887 543 948 lx
557 893 592 949 et
606 887 649 968 vij
668 887 758 950 dies¹
806 886 940 948 Summa
955 887 1124 948 missarum
1141 909 1206 964 ccc,
1222 895 1257 951 et
1450 963 1451 966 Ἴ

107 984 245 1045 aliarum
260 984 444 1046 oracionum
459 1003 556 1044 nemo
571 983 663 1043 novit
677 982 740 1042 nisi
757 982 842 1043 solus
857 982 955 1044 Deus.
1000 980 1087 1067 (Do)
1101 988 1135 1044 te
1155 985 1257 1065 igitur
1281 999 1315 1046 st.
1327 1001 1395 1046 Luka

108 1079 319 1140 elemosinam
330 1083 369 1139 ut
384 1079 492 1140 omnia
507 1079 628 1139 munda
644 1079 709 1138 sint
724 1077 823 1154 vobis,
836 1077 912 1157 quia
928 1077 1103 1138 elemosina
1118 1098 1138 1139 a
1152 1083 1256 1140 morte
1280 1061 1365 1164 ffl

107 1173 236 1251 liberat,
250 1178 382 1255 peccata
395 1178 523 1255 purgat,
540 1178 574 1234 et
589 1173 668 1234 facit
681 1174 827 1234 invenire
840 1175 941 1234 vitam
952 1177 1119 1234 aeternam.
1164 1173 1257 1235 Sicut
1280 1178 1358 1279 gii-¹9·
1383 1248 1387 1257 ι

108 1289 191 1350 aqua
204 1270 317 1352 ignem
332 1270 501 1330 ardentem
516 1270 693 1352 extinguit,
708 1270 755 1330 ita
772 1268 948 1330 elemosina
968 1272 1101 1349 peccato
1122 1269 1256 1332 resistit.
1280 1249 1373 1340 010011Β

175 1365 316 1426 Nomina
330 1369 536 1445 quaestorum.
581 1364 765 1425 Willelmus
789 1365 828 1425 de
845 1364 1024 1446 Synderby,
1039 1364 1199 1427 Robertus
1215 1365 1256 1427 de

110 1457 290 1537 Shirbum’,
306 1460 450 1542 Rogerus
473 1460 513 1521 de
536 1460 662 1540 Peples,
677 1457 842 1521 Johannes
866 1460 906 1521 de
928 1459 1055 1540 Peples,
1072 1459 1192 1541 Symon
1215 1461 1255 1522 de

110 1555 315 1617 Ponteiracto
330 1556 424 1616 aliter
438 1555 545 1616 dictus
561 1556 601 1617 de
618 1555 785 1617 Sartrina.2

177 1698 340 1760 Honorius
352 1695 449 1783 (III.)
462 1699 639 1780 episcopus,
653 1719 762 1761 servus
779 1720 941 1762 servorum
952 1700 1025 1778 Dei,
1037 1700 1164 1763 dilectis
1180 1701 1254 1764 filiis
1282 1703 1335 1761 (418
1346 1705 1380 1763 v.)

111 1795 228 1857 rectori
254 1799 289 1856 et
314 1794 466 1855 fratribus
495 1792 664 1875 hospitalis
695 1795 805 1857 Sancti
835 1794 1001 1858 Johannes
1031 1796 1187 1877 Baptistae
1213 1798 1253 1858 de
1279 1765 1407 1869 &epple

110 1888 246 1972 Rypon',
267 1889 404 1952 salutem
420 1895 453 1951 et
469 1890 677 1970 apostolicam
701 1890 971 1952 benediccionem.
1017 1890 1099 1954 (lum
1121 1893 1255 1954 decimes
1280 1906 1429 1965 Privileyium

111 1987 261 2047 dicantur
276 1985 399 2047 tributa
415 1987 584 2068 agencium
601 1986 782 2047 animarum
804 1987 888 2048 bona
910 1987 1023 2048 domus
1045 1992 1160 2050 vestrae
1183 2009 1255 2070 quae
1278 1965 1397 2069 ’ἓοξξξξῖὣ

112 2089 189 2143 sunt
204 2081 315 2164 egenis
330 2081 476 2162 ascripta,
492 2082 584 2162 quasi
595 2082 679 2162 quod
688 2081 772 2163 juris
787 2081 896 2144 debito
912 2102 931 2143 a
945 2083 1143 2145 decimarum
1159 2104 1255 2147 onere
1279 2082 1396 2186 phanau

110 2179 270 2238 immunia
285 2177 351 2238 sint
367 2177 529 2255 servanda,
545 2197 587 2237 ne
605 2176 687 2237 forte
709 2175 862 2258 hospitali
877 2181 912 2238 et
926 2178 999 2240 aliis
1020 2180 1082 2260 piis
1106 2180 1254 2260 operibus
1280 2156 1396 2259 quma

111 2293 247 2355 quorum
270 2277 347 2334 sunt
369 2272 472 2333 officio
494 2273 650 2353 deputata
671 2273 780 2334 minus
804 2271 973 2355 sufficiant,
997 2278 1031 2336 et
1053 2275 1138 2355 quod
1161 2276 1257 2337 dat-ur
1280 2264 1432 2362 mam,

111 2369 304 2450 pauperibus
314 2368 556 2449 pauperioribus
566 2367 740 2444 auferatur,
752 2388 791 2429 ea
799 2373 938 2449 propter,
949 2369 1061 2432 dilecti
1070 2371 1105 2431 in
1116 2370 1257 2432 Domino
1281 2377 1367 2446 magde

112 2465 183 2542 filii,
205 2465 322 2526 vestris
344 2463 720 2545 piissupplicacionibus
746 2470 839 2546 grato
865 2470 1090 2526 concurrentes
1113 2486 1257 2543 assensn,
1281 2440 1419 2548 ξξῇἶξῖἴ

112 2561 304 2622 auctoritate
326 2559 415 2621 vobis
436 2560 649 2640 praesencium
670 2558 891 2640 indulgemus
910 2563 949 2619 ut
968 2559 1008 2620 de
1031 2561 1126 2621 terris
1141 2563 1257 2623 vestris

112 2654 231 2718 habitis
260 2659 337 2716 ante
367 2654 540 2716 concilium
567 2652 727 2737 generale,
751 2673 830 2734 quas
854 2654 988 2733 propriis
1019 2656 1169 2719 manibus
1200 2650 1259 2719 aut

113 2751 297 2833 sumptibus
321 2751 437 2827 colitis,
462 2770 520 2811 seu
546 2750 586 2811 de
613 2750 692 2810 ortis
718 2754 776 2810 aut
798 2749 839 2809 de
861 2754 1042 2812 vestrorum
1067 2752 1257 2814 animalium

112 2847 333 2923 nutrimentis,
359 2846 469 2907 nullus
496 2865 515 2906 a
540 2845 630 2906 vobis
659 2845 800 2905 decimas
831 2845 959 2928 exigere
988 2846 1041 2907 vel
1070 2852 1258 2930 extorquere

112 2947 295 3024 praesumat.
340 2941 433 3003 Nulli
448 2941 549 3024 igitur
567 2941 698 3002 omnino
713 2938 884 3000 hominum
900 2941 997 3002 liceat
1011 2939 1095 3004 hanc
1106 2945 1259 3026 paginam

112 3043 230 3101 nostrae
245 3038 457 3100 concessionis
477 3035 665 3119 infringere,
681 3035 732 3097 vel
748 3037 778 3097 ei
794 3055 877 3096 ausu
898 3038 1068 3098 temerario
1090 3040 1258 3102 contraire.

113 3133 149 3197 Si
175 3136 248 3215 quis
270 3138 383 3195 autem
408 3130 468 3194 hoc
494 3136 689 3212 attemptare
719 3132 969 3212 praesumpserit,
996 3132 1259 3215 indignacionem

113 3228 353 3311 Omnipotentis
382 3228 444 3290 Dei
474 3232 509 3289 et
535 3228 711 3288 Beatorum
738 3227 829 3288 Petri
854 3230 888 3287 et
911 3226 1007 3287 Pauli
1032 3228 1259 3309 Apostolorum

111 3325 191 3406 Ejus
213 3345 245 3386 se
272 3325 398 3386 noverit
417 3325 632 3385 incursurum.
677 3322 753 3384 Dat.
775 3322 935 3400 Laterani,
958 3320 993 3404 iij
1016 3322 1066 3384 Id.
1090 3323 1259 3391 Decembr.
1347 3388 1349 3393 ,

111 3420 316 3502 pontificatus
332 3421 433 3482 nostri
447 3439 532 3481 anno
548 3419 696 3499 septimo.

177 3556 371 3634 Willelmus,
408 3556 628 3636 permissione,
659 3560 721 3616 etc.
752 3555 871 3616 dilecto
904 3555 971 3617 filio
1001 3556 1119 3619 ballivo
1149 3562 1259 3621 nostro
1284 3569 1354 3630 (401)
1388 3568 1390 3573 ’

113 3652 239 3734 Rypon,
271 3651 421 3729 salutem,
451 3651 603 3735 graciam,
635 3654 670 3712 et
699 3650 972 3714 benediccionem.
1032 3654 1190 3716 Volumus
1224 3660 1259 3719 et
1283 3630 1412 3734 migra.

112 3748 303 3809 mandamus
328 3751 486 3828 quatenus
509 3744 657 3808 homines
680 3749 714 3807 et
736 3766 886 3827 personas
909 3747 993 3809 infra
1016 3749 1202 3812 libertatem
1224 3755 1259 3812 et
1287 3773 1395 3828 oasa

111 3843 263 3905 ballivam
278 3847 421 3904 nostram
435 3843 552 3924 Rypon
572 3846 805 3903 commorantes
823 3842 864 3903 ad
879 3843 1153 3906 contribucionem
1168 3847 1259 3909 mille
1283 3836 1361 3876 'm‘
1373 3830 1424 3877 Μ

165 3968 206 4038 (1)
224 3967 281 4021 The
298 3967 426 4021 numbers
445 3984 490 4020 are
509 3966 643 4037 certainly
655 3965 786 4037 correctly
798 3965 892 4037 copied
910 3966 980 4021 from
996 3968 1043 4022 the
1062 3968 1132 4035 MS,
1143 3968 1194 4022 but
1210 3971 1258 4024 the

111 4064 213 4099 namma
231 4046 334 4099 diuam
352 4045 416 4115 only
428 4061 517 4098 comes
536 4050 565 4097 to
585 4044 656 4099 1440
675 4042 779 4098 instead
797 4045 829 4097 oi
843 4044 914 4098 2267
933 4045 1000 4115 days
1018 4046 1043 4098 11
1056 4063 1099 4099 wo
1112 4047 1211 4100 reckon
1223 4049 1259 4100 36

112 4123 286 4195 archbishops
298 4123 426 4194 granting
438 4124 474 4176 40
486 4124 553 4192 days
566 4123 642 4177 each.
680 4123 746 4177 And
762 4123 839 4176 what
851 4122 874 4175 is
892 4123 939 4176 the
957 4123 1081 4191 meaning
1099 4123 1130 4177 01
1146 4124 1193 4178 the
1206 4127 1259 4180 300

112 4202 234 4256 messes?
271 4203 359 4256 There
380 4219 468 4256 seems
485 4208 514 4255 to
532 4201 566 4255 be
588 4217 660 4254 some
681 4207 758 4272 grem
781 4200 896 4254 mistalre
921 4201 949 4254 in
973 4202 1021 4255 the
1046 4202 1207 4256 calculation
1231 4203 1262 4256 of

112 4282 189 4352 days.
1080 4331 1082 4335 ,

167 4361 210 4430 (2)
230 4359 274 4412 On
286 4376 321 4412 an
332 4360 451 4413 undated
462 4358 512 4429 slip
524 4357 642 4421 inserted
655 4364 684 4411 at
696 4357 731 4411 10.
745 4358 797 4410 518
806 4376 829 4426 v,
841 4358 931 4411 where
950 4373 995 4410 are
1013 4357 1069 4413 also
1088 4357 1260 4429 indulgentes

112 4438 155 4491 for
167 4438 244 4491 Yorlr
258 4437 310 4491 and
322 4437 463 4508 Bevcrlsy.
500 4436 626 4491 Sartriaa
638 4435 661 4489 is
673 4435 721 4488 the
739 4452 812 4489 same
826 4452 854 4489 as
867 4435 1031 4506 Sartriaum,
1043 4453 1059 4489 e
1070 4436 1173 4494 tailor's
1185 4439 1258 4516 shop,

687 4531 730 4577 02
