3074 5032
141 323 188 396 34
434 362 438 366 .
677 326 884 380 MEMORIALS
909 327 953 379 01⁴¹
979 327 1098 381 RIPON.

140 525 196 590 (53)
383 495 532 577 Thomas
548 499 610 561 Dei
624 499 742 582 gracia,
758 500 821 559 etc.
837 495 966 558 dilectis
989 497 1025 558 in
1048 494 1176 560 Christo
1195 493 1272 556 filiis
1296 494 1464 579 magistris

139 582 269 633 ⁸·⁰·¹3⁰¹·
317 591 460 655 Johanni
489 595 531 656 de
562 593 756 670 Roderham,
783 594 914 655 domino
941 593 1067 676 Rogero
1097 593 1138 655 de
1167 590 1249 654 Mar'
1275 590 1464 655 Succentori

138 644 273 776 aa,
316 689 457 751 ecclesiae
481 697 599 753 nostrae
625 691 721 752 Ebor.
748 710 785 750 ao
812 688 948 750 Ricardo
973 689 1017 750 fil.
1044 689 1171 752 Sabinae
1202 688 1242 749 de
1273 687 1464 768 Beuerlaco,

139 788 254 892 αέπὲοννί·
314 784 439 846 clericis
454 787 584 863 nostris,
601 786 750 863 salutem,
761 785 913 867 graciam,
923 789 958 845 et
972 783 1245 846 benediccionem.
1291 783 1340 844 De
1356 789 1464 847 vestra

137 862 256 964 iompiiia
315 881 475 943 industria
489 882 687 944 confidentes
702 883 742 944 ad
754 881 982 963 corrigendum
998 884 1032 942 et
1047 879 1286 941 reformandum
1298 885 1464 961 comperta

134 966 239 1024 ΨΜ·
313 978 348 1037 in
364 979 551 1040 visitacione
573 983 682 1040 nostra
706 998 803 1058 quam
827 997 931 1058 nuper
954 977 990 1038 in
1014 976 1098 1037 clero
1121 981 1156 1038 et
1177 975 1297 1057 populo
1312 977 1461 1057 praeben-

37 1054 41 1062 s
140 1025 223 1068 darum
233 1028 255 1066 et

138 1097 261 1162 copmrgnae
314 1073 428 1134 darum
456 1079 490 1135 et
516 1095 696 1136 communae
720 1073 836 1154 Ripon’
860 1093 897 1133 ac
921 1073 1096 1135 decanatus
1123 1070 1282 1154 ejusdem,
1307 1077 1342 1133 et
1367 1072 1463 1135 deca·

138 1140 290 1244 ssfffflssm
314 1174 410 1231 natus
435 1170 475 1231 de
501 1170 634 1251 Otteley
656 1191 730 1232 cum
756 1172 822 1231 suis
846 1169 1003 1231 membris
1027 1169 1259 1244 excercuimus,
1284 1167 1320 1227 in
1344 1168 1462 1231 rotulis

137 1258 291 1362 {fimet
315 1262 379 1326 hiis
405 1267 539 1326 annexis
564 1271 729 1342 contenta,
752 1266 891 1342 citando,
915 1263 1130 1347 injungend0,
1147 1264 1371 1341 examinando,
1387 1284 1462 1346 pro·

251 1333 274 1377 μ’
312 1361 507 1437 nunciando,
518 1361 715 1439 diffiniendo,
726 1361 925 1443 exequendo,
937 1365 972 1420 et
983 1359 1131 1437 ulteriuS,
1143 1364 1304 1440 quatenus
1316 1358 1462 1440 justiciae

313 1458 484 1518 convenire
498 1458 655 1534 videritis,
671 1456 839 1531 faciend03
861 1455 960 1518 Vobis
976 1455 1177 1538 conjunctim
1193 1459 1227 1516 et
1241 1455 1371 1517 divisim
1386 1477 1462 1518 cum

311 1557 473 1635 potestate
493 1551 698 1614 cohercionis
722 1554 883 1614 canonicae
906 1552 1142 1613 committimus
1158 1553 1243 1613 vices
1268 1557 1394 1614 nostras
1418 1597 1426 1614 .
1451 1597 1461 1615 .

312 1649 453 1729 capitulo
468 1653 578 1710 nostro
594 1648 710 1729 Ripon'
726 1669 784 1709 seu
800 1668 911 1709 eorum
926 1647 1033 1708 locum
1048 1647 1188 1725 tenenti,
1203 1667 1330 1708 necnon
1353 1693 1362 1709 .
1387 1693 1395 1709 .
1419 1648 1460 1710 de

308 1745 420 1825 >Ripon
442 1749 477 1805 et
500 1790 508 1806 .
533 1789 541 1806 .
565 1745 604 1805 de
622 1742 765 1823 Otteley‚
781 1744 911 1804 decanis
929 1762 987 1803 seu
1003 1763 1114 1803 eorum
1138 1742 1460 1821 locumtenentibus,

311 1841 345 1908 in
362 1841 486 1901 virtute
512 1845 629 1901 sanctae
654 1840 851 1900 obedienciae
875 1843 986 1899 tenore
1011 1839 1224 1919 praesencium
1246 1837 1384 1900 firmiter
1406 1841 1459 1900 in-

307 1936 498 2017 jungentes,
514 1936 599 2017 quod
616 1935 703 1996 vobis
725 1939 760 1996 et
782 1934 959 2015 unicuique
975 1940 1120 1995 vestrum
1136 1937 1174 1994 ut
1196 1933 1288 1994 nobis
1303 1933 1339 1994 in
1354 1936 1461 1996 omni-

310 2031 370 2092 bus
386 2051 457 2112 quae
480 2032 566 2093 dicta
588 2031 786 2112 contingunt
808 2033 984 2110 comperta,
1001 2050 1058 2090 seu
1080 2029 1268 2110 contingere
1291 2034 1459 2110 poterunt,

310 2131 445 2206 pareant
459 2127 643 2208 prompcius
667 2130 701 2187 et
724 2126 909 2187 intendant.
956 2124 1145 2186 Sentenoias
1168 2128 1279 2186 autem
1295 2146 1373 2206 quas
1396 2127 1460 2189 rite

314 2222 470 2301 tuleritis,
488 2243 545 2284 seu
567 2223 684 2305 aliquis
710 2227 855 2284 vestrum
879 2221 1004 2298 tulerit,
1021 2222 1056 2292 in
1079 2220 1227 2298 rebelles,
1251 2226 1337 2283 ratas
1360 2220 1460 2284 habe-

311 2318 429 2396 bimus,
456 2338 583 2400 easque,
608 2319 707 2380 dante
733 2318 812 2396 Deo,
840 2316 995 2378 faciemus
1024 2315 1257 2379 inviolabiliter
1287 2318 1460 2382 observari.

311 2415 391 2476 Vale
414 2411 504 2498 (sic).
549 2416 625 2477 Dat.
648 2415 734 2496 apud
758 2414 882 2491 Cawod,
905 2413 928 2495 ij
953 2413 1004 2475 Id.
1023 2413 1210 2491 Novembr„
1226 2414 1320 2475 Anno
1342 2416 1460 2498 graciae

312 2510 486 2572 millesimo
502 2518 568 2572 ccc⁰
580 2510 643 2593 j¹¹¹⁰,
659 2514 694 2571 et
708 2510 915 2592 pontificatus
931 2509 1033 2571 nostri
1050 2509 1200 2571 secundo.

137 2716 221 2779 (sev.)
379 2688 538 2781 Thomas,
559 2703 621 2765 Dei
651 2705 771 2786 gracia,
802 2706 863 2763 etc.
894 2702 1023 2765 dilectis
1053 2702 1088 2763 in
1116 2699 1246 2764 Christo
1271 2701 1359 2782 filiis,
1383 2749 1391 2766 .
1416 2749 1425 2766 .
1450 2749 1458 2767 .

137 2789 233 2881 3¹51,
313 2800 456 2881 capitulo
482 2805 593 2861 nostro
620 2797 748 2881 Ripon’,
773 2798 923 2874 salutem,
947 2798 1099 2880 graciam,
1123 2803 1159 2859 et
1181 2797 1458 2863 benediccionem.

138 2893 194 2939 Μ·
206 2896 241 2940 15.
313 2896 458 2957 Veniens
482 2896 522 2957 ad
547 2916 605 2956 nos
621 2893 785 2956 Johannes
809 2898 904 2954 natus
927 2893 1045 2954 nobilis
1062 2893 1123 2954 viri
1148 2892 1269 2956 Brante
1296 2893 1459 2973 Saraceni,

139 2976 221 3022 Lucra
315 2993 356 3054 de
372 2992 471 3069 Urbe,
486 2993 527 3053 ad
543 2991 746 3072 praebendam
769 3009 841 3070 quae
864 2988 930 3049 suit
945 2989 1069 3049 domini
1085 2987 1106 3051 J
1108 2986 1243 3050 ohannis
1258 2989 1300 3051 de
1314 2990 1460 3073 Bening-

142 3036 247 3094 Capitulo

137 3095 268 3200 ,ww
315 3087 400 3149 word
424 3087 459 3147 in
485 3093 594 3148 nostra
617 3084 732 3167 Ripon’
756 3083 901 3160 ecclesia,
924 3084 1047 3144 virtute
1070 3084 1184 3165 graciae
1208 3088 1244 3145 et
1266 3085 1459 3166 provisionis

139 3214 193 3258 ,am
204 3215 276 3258 dmi.
314 3183 497 3264 apostolicae
521 3183 582 3244 sibi
597 3182 747 3243 debitum
763 3185 801 3241 ut
816 3180 966 3257 asseruit,
982 3200 1001 3241 a
1015 3179 1108 3241 nobis
1123 3180 1223 3261 petiit
1238 3178 1410 3245 humiliter
1426 3201 1461 3244 se

139 3272 230 3376 mnf
314 3279 457 3340 admitti.
503 3280 547 3340 Et
570 3299 645 3339 cum
668 3278 755 3338 inter
778 3277 887 3357 ipsum
912 3273 1094 3337 Johannem
1111 3280 1145 3337 et
1160 3280 1286 3357 partem
1308 3278 1459 3360 magistri

138 3389 229 3435 arante
314 3371 446 3435 Thomas
462 3375 501 3435 de
517 3371 652 3435 Malton’
667 3373 899 3450 incumbentis,
915 3372 954 3433 de
980 3371 1151 3453 praebenda
1174 3372 1327 3453 praedicta
1350 3393 1458 3435 coram

139 3448 285 3560 dimin
315 3469 409 3530 nobis
430 3475 500 3529 orta
522 3468 639 3529 fuisset
663 3469 800 3529 materia
814 3468 1012 3550 quaestionis
1029 3467 1160 3528 tandem
1175 3472 1283 3549 partes
1297 3468 1460 3549 praedictae
1521 3520 1524 3525 .

134 3566 259 3634 praterea
316 3564 512 3625 ordinacioni
543 3570 671 3639 nostrae,
694 3569 854 3644 quatenus
884 3564 926 3625 ad
954 3563 1161 3643 praebendam
1194 3563 1394 3644 praedictam,
1424 3584 1458 3627 se

139 3625 261 3728 {bibiti
315 3659 461 3721 totaliter
477 3659 708 3722 submiserunt.
742 3657 786 3720 Et
800 3677 858 3720 nos
874 3659 915 3720 ob
929 3659 1149 3720 reverenciam
1164 3659 1250 3720 sedis
1265 3660 1459 3741 apostolicae,

138 3741 279 3846 ssfflffi
315 3765 349 3818 et
373 3755 497 3817 domini
521 3756 623 3816 nostri
644 3756 768 3817 domini
792 3754 950 3817 Bonifacii
974 3775 1064 3837 papae
1087 3750 1164 3836 viij¹,
1180 3753 1273 3836 cujus
1296 3756 1459 3821 mandatis

135 3860 231 3932 ecclesia
315 3853 463 3914 volumus
487 3853 572 3913 sicut
594 3857 746 3914 tenemur
768 3853 803 3912 in
828 3852 979 3913 omnibus
1002 3850 1171 3912 humiliter
1194 3850 1335 3930 obedire,
1357 3873 1460 3934 quan·

138 3918 263 4024 ,Imm
314 3969 412 4031 quam
435 3956 566 4030 propter
581 3949 722 4010 raciones
748 3949 888 4009 diversas
911 3947 1082 4022 videbatur
1096 3967 1115 4008 a
1130 3947 1256 4025 multis,
1273 3949 1360 4029 quod
1376 3969 1460 4032 prae·

313 4047 419 4108 dictus
460 4043 624 4106 Johannes
663 4045 703 4105 ad
745 4043 950 4124 praebendam
980 4043 1180 4105 antedictam
1216 4062 1283 4105 non
1321 4044 1461 4108 debebat

312 4144 443 4205 admitti
454 4165 463 4219 3
487 4142 646 4203 Duximus
663 4141 877 4202 ordinandum
890 4138 976 4220 quod
988 4138 1141 4220 praefatus
1152 4139 1308 4221 magister
1317 4138 1459 4203 Thomas

311 4238 432 4298 dictam
456 4238 662 4319 praebendam
688 4238 878 4318 resignaret,
905 4256 1004 4317 quam
1028 4236 1132 4296 eciam
1162 4241 1350 4316 procurator
1380 4257 1458 4300 suus

311 4330 382 4413 ejus
406 4334 537 4393 nomine
562 4331 683 4394 habens
710 4333 752 4394 ad
779 4331 839 4393 hoc
867 4331 1028 4392 sufficiens
1053 4331 1244 4393 mandatum
1274 4331 1307 4393 in
1339 4333 1458 4395 nostris

311 4426 460 4487 manibus
486 4429 675 4510 resignavit.
721 4428 852 4509 Nosque
877 4427 1069 4509 praedictum
1096 4427 1281 4490 Johannem
1307 4448 1348 4490 ex
1371 4429 1457 4492 ordi·
