3074 5032
680 355 887 408 MEMORIALS
913 354 957 406 OF
985 354 1104 406 RIPON.

320 525 547 608 multipliciter
571 526 744 602 violarunt,
768 526 803 585 in
828 524 887 585 Dei
915 529 949 585 et
975 523 1128 585 Ecclesiae
1155 523 1399 601 contumeliam,
1423 523 1470 584 rei

320 620 460 703 publicae
475 621 706 698 turbacionem,
718 620 854 680 aliorum
869 619 1086 700 perniciosum
1104 617 1301 699 exemplum,
1318 623 1353 680 et
1367 619 1471 680 nostri

143 729 267 788 incurring
320 717 544 798 praejudicium
575 716 799 793 manifestum,
823 715 1004 776 sentencias
1030 714 1375 775 excommunicacionis
1401 733 1471 774 ma-

143 789 289 892 ξξζῇζζῗ
316 811 397 894 joris
427 817 495 874 tam
527 833 565 873 ex
588 811 823 873 constitucione
846 810 938 872 bonae
969 810 1133 871 memoriae
1159 809 1285 870 domini
1311 808 1471 871 Octobcni

144 905 257 951 niearion.
321 908 484 988 quondam
513 907 614 989 legati
646 906 730 967 sedis
757 904 948 986 Apostolicae
978 906 1014 965 in
1036 904 1176 986 Anglia,¹
1201 923 1300 985 quam
1326 923 1366 964 ex
1395 923 1471 964 con-

320 1003 496 1064 stitucione
527 1001 662 1064 sinodali
692 1000 833 1063 ecclesiae
863 1005 980 1063 nostrae
1006 1000 1115 1061 Ebor.²
1144 1005 1253 1060 contra
1281 997 1471 1080 hujusmodi

319 1099 407 1179 pacis
430 1098 530 1180 Regis
553 1101 588 1158 et
610 1097 719 1186 Regni
739 1097 989 1178 perturbatores,
1006 1094 1166 1156 libertatis
1189 1094 1412 1156 ecclesiasticae
1435 1097 1470 1154 et

320 1194 480 1275 praecipue
497 1193 639 1253 ecclesia
651 1192 745 1253 Ebor.
758 1191 937 1268 violatores,
949 1191 1187 1270 possessionum
1203 1195 1238 1251 et
1252 1210 1360 1252 rerum
1370 1189 1470 1250 eccle·

322 1289 522 1350 siasticarum
538 1288 699 1348 invasores
715 1291 749 1347 et
764 1290 1012 1347 contrectatores
1027 1287 1062 1346 in
1078 1283 1137 1346 hac
1152 1289 1243 1368 parte
1253 1284 1384 1367 provide
1394 1284 1469 1346 latis

321 1386 575 1467 dampnabiliter
589 1385 792 1447 incurrendo.

146 1501 221 1546 What
232 1499 297 1570 place
388 1481 466 1555 Quis
483 1501 558 1564 ergo
574 1481 661 1542 locus
677 1485 770 1541 tutus
787 1481 814 1541 si
830 1499 918 1540 sacra
933 1478 1002 1540 loca
1018 1479 1162 1541 ecclesiae
1184 1480 1347 1563 contigua,
1363 1499 1469 1540 carcer

145 1559 256 1605 ΜΗ
322 1576 475 1653 ecclesiae,
506 1581 540 1637 et
576 1577 738 1658 praecipue
775 1576 979 1637 continencia
1016 1575 1151 1636 aedificia
1180 1596 1251 1657 quae
1281 1573 1469 1636 fundatores

145 1617 279 1735 llfvfflfd
321 1673 480 1753 antiqui.
506 1717 514 1732 .
540 1716 547 1733 .
573 1718 580 1733 .
605 1669 925 1753 Archiepiscoporum
954 1675 988 1731 et
1009 1671 1231 1732 ministrorum
1255 1671 1318 1731 Dei
1340 1668 1469 1732 habita-

145 1736 186 1780 the
198 1735 286 1780 church
343 1769 349 1782 .
398 1770 404 1782 .
545 1769 552 1781 .
734 1768 741 1781 .
928 1767 934 1780 .
972 1768 978 1780 .
1444 1768 1450 1780 .

121 1835 123 1839 Α
145 1794 233 1839 arsin.
321 1788 406 1830 cronr
423 1773 457 1829 et
479 1789 554 1829 usui
577 1789 616 1830 ex
632 1768 806 1830 devocione
834 1771 1035 1828 sanctrssrma
1059 1767 1268 1848 deputarunt,
1284 1767 1469 1847 dampnatis

145 1853 241 1898 amaa?
320 1864 547 1926 sceleratorum
577 1863 759 1946 egressibus
789 1867 900 1924 contra
929 1863 1180 1924 constituciones
1204 1863 1279 1924 latae
1308 1883 1328 1923 a
1350 1864 1469 1923 sanctis

320 1960 465 2041 patribus
482 1960 655 2020 sentenciae
677 1959 791 2037 editas,
806 1964 845 2021 ut
867 1958 1088 2040 praemittitur,
1103 1956 1356 2040 prophanantur,
1371 1956 1469 2040 procli

320 2055 419 2130 dolor,
435 2055 520 2136 quod
536 2055 585 2115 lac
601 2075 640 2115 er
656 2058 797 2115 matrum
817 2057 986 2135 sumptum
1009 2053 1160 2116 uberibus
1183 2055 1218 2115 in
1241 2054 1353 2116 matris
1375 2053 1469 2115 almae

320 2150 460 2211 ccclesiae
478 2148 635 2210 offensam
657 2148 843 2210 confusione
866 2149 1027 2230 opprobrii
1051 2154 1307 2230 consperserunt,
1326 2154 1360 2210 et
1383 2149 1468 2230 quod

320 2245 424 2324 ipsam
440 2245 736 2306 remuneracionem
751 2244 850 2305 talem
867 2245 1009 2324 suscepit
1032 2264 1050 2304 a
1065 2243 1141 2305 filiis
1156 2245 1370 2327 degeneribus
1389 2265 1469 2326 quos

321 2359 360 2400 er
377 2339 502 2420 Spiritu
517 2340 720 2420 regeneravit
736 2345 770 2401 et
786 2339 895 2421 aqua?

149 2450 237 2520 ausae
387 2435 438 2496 Ne
462 2435 565 2517 igitur
595 2453 743 2494 excessus
774 2438 842 2495 tam
873 2454 985 2517 graves
1016 2435 1243 2496 accedencium
1270 2435 1468 2517 impunitate

146 2512 235 2568 partes
245 2512 270 2553 ω
320 2528 492 2591 trahantur
507 2528 547 2591 ab
562 2528 635 2590 aliis
650 2529 685 2589 in
701 2529 904 2590 consimilem
923 2530 1100 2610 perniciem
1123 2550 1181 2610 per
1203 2530 1399 2611 exemplum,
1415 2530 1468 2591 vel

146 2568 197 2613 this
208 2572 270 2612 atro-

146 2627 196 2685 say
207 2633 231 2671 t0
241 2626 271 2672 δῦ
322 2645 360 2687 er
376 2646 464 2687 mora
478 2623 660 2706 periculum
671 2625 706 2684 in
716 2624 886 2705 praemissis
896 2628 930 2685 et
942 2645 981 2685 ex
992 2625 1255 2686 dissimulacione
1262 2625 1468 2706 dispendium

146 2698 291 2788 h'ffiaa
320 2721 527 2796 inducantur,
551 2719 640 2780 vobis
662 2720 697 2779 in
720 2721 841 2781 virtute
864 2718 1059 2784 obedienciae
1084 2725 1118 2783 et
1141 2720 1201 2783 sub
1224 2741 1320 2802 poena
1342 2740 1469 2782 ercom-

321 2815 552 2877 municacionis
568 2813 699 2895 majoris
714 2813 860 2876 districte
875 2815 1091 2895 praecipiendo
1106 2815 1299 2878 mandamus
1315 2816 1468 2897 quatinus

321 2912 355 2973 in
381 2911 515 2973 ecclesia
541 2915 650 2972 nostra
676 2911 848 2995 collegiata
875 2910 990 2992 Ripon’
1016 2911 1169 2991 praedicta
1193 2912 1329 2996 singulis
1354 2911 1469 2974 diebus

321 3009 498 3070 Dominicis
524 3013 558 3069 et
583 3006 708 3069 festivis
738 3007 824 3068 intra
852 3008 1022 3067 missarum
1054 3006 1232 3089 solempnia
1261 3029 1335 3069 cum
1368 3006 1469 3088 major

321 3103 452 3166 affuerit
474 3103 586 3186 populi
609 3103 798 3180 multitudo,
813 3101 950 3184 pulsatis
972 3103 1149 3183 campanis,
1164 3123 1257 3164 cruce
1280 3107 1396 3181 erecta,
1411 3123 1468 3164 vos

321 3201 384 3282 ipsi
401 3201 496 3262 sacris
512 3198 656 3261 vestibus
679 3199 798 3275 induti,
814 3199 989 3279 assumptis
1013 3197 1176 3285 vobiscum
1193 3199 1330 3276 vicariis,
1345 3198 1469 3280 presbi-

321 3298 412 3373 teris,
427 3295 562 3373 clericis,
579 3299 612 3356 et
626 3294 698 3355 aliis
714 3295 814 3375 ipsius
830 3293 971 3354 ecclesiae
988 3293 1156 3371 ministris,
1166 3294 1284 3375 quibus
1300 3294 1360 3355 sub
1375 3314 1471 3376 poena

324 3389 669 3454 excommunicacionis
681 3388 726 3469 inj
731 3388 885 3470 ungimus
897 3388 982 3469 quod
993 3389 1081 3450 vobis
1092 3389 1290 3451 assistentia
1301 3391 1471 3471 praesentis

207 3474 210 3480 ¹
255 3528 257 3532 s
324 3487 515 3548 execucione
545 3484 702 3560 mandati,
733 3482 852 3563 populo
876 3483 911 3544 in
936 3482 1050 3567 lingua
1072 3488 1220 3546 materna
1243 3486 1392 3548 seriosius
1415 3505 1470 3547 ex-

323 3582 475 3664 ponendi,
491 3581 611 3664 singuli
626 3581 661 3640 in
677 3579 769 3660 albis,
779 3599 885 3641 cereos
897 3580 932 3640 in
944 3581 1094 3643 manibus
1104 3582 1248 3666 singulos
1260 3583 1311 3644 vel
1320 3582 1469 3645 candelas

321 3677 462 3740 ferentes
482 3696 641 3752 accensos,
656 3680 688 3737 et
712 3695 786 3735 cum
811 3676 899 3736 omni
923 3677 1151 3758 solempnitate
1173 3697 1245 3759 quae
1267 3679 1470 3740 consueverit

321 3774 358 3836 in
381 3772 589 3835 atrocioribus
616 3771 785 3847 observari,
809 3792 920 3834 omnes
948 3779 982 3834 et
1007 3773 1151 3855 singulos
1176 3774 1254 3836 dicti
1283 3775 1411 3837 sceleris
1434 3781 1469 3836 et

321 3890 469 3933 excessus
482 3867 667 3931 execrabilis
677 3871 913 3950 perpetratores
924 3869 1105 3951 sacrilegos,
1116 3890 1191 3930 cum
1202 3871 1268 3931 suis
1280 3871 1469 3949 fautoribus,

320 3966 517 4042 auctoribus,
534 3968 568 4026 et
583 3962 792 4045 complicibus
816 3964 984 4041 universis,
1000 3965 1102 4026 dictas
1126 3967 1469 4030 excommunicacionis

320 4062 450 4144 majoris
471 4061 651 4122 sentencias
672 4059 856 4137 incurrisse,
873 4065 907 4122 et
930 4061 1221 4123 excommunicatos
1244 4083 1282 4124 ea
1305 4063 1469 4126 occasione

320 4156 569 4240 dampnabiliter
585 4154 684 4217 fuisse
700 4159 735 4217 ct
750 4176 830 4232 esse,
841 4155 971 4237 publice
987 4157 1020 4217 in
1037 4176 1165 4239 genere,
1178 4163 1214 4219 et
1228 4160 1250 4222 J
1250 4157 1412 4221 ohannem
1428 4158 1469 4220 de

376 4291 419 4359 (1)
439 4290 497 4344 The
509 4289 643 4344 reference
656 4307 740 4342 seems
751 4295 780 4344 to
792 4287 826 4342 be
838 4295 866 4344 to
879 4288 933 4343 Tit.
948 4289 990 4356 12,
1003 4289 1103 4360 which,
1117 4292 1250 4360 however,
1263 4292 1360 4346 relatas
1377 4291 1469 4345 rather

321 4376 349 4422 to
361 4386 469 4440 persone
482 4368 577 4438 taking
589 4375 733 4438 sanctuary
747 4368 813 4420 than
827 4375 856 4420 to
868 4367 1002 4440 prisonem
1014 4368 1042 4420 in
1053 4368 1112 4440 jail.

374 4448 417 4517 (2)
438 4447 488 4500 See
499 4445 592 4512 above,
603 4464 629 4517 p.
642 4448 685 4499 81.
