3074 5032
620 317 827 368 MEMORIALS
852 316 896 368 Ol*
923 314 1042 366 RIPON.

260 487 367 548 missis
383 488 453 549 fieri
467 486 616 563 fecimus,
628 486 822 567 diligentem
834 505 891 566 per
902 482 995 564 cujus
1007 483 1218 545 assercionem
1235 488 1269 544 et
1281 483 1405 565 deposi-

260 583 386 644 cionem
421 588 455 645 et
485 582 563 644 facti
593 582 822 642 notorietatem
852 580 1038 642 evidentem
1068 579 1283 660 comperimus
1313 579 1408 640 dictae

259 677 398 759 querelae
413 679 581 739 materiam
596 673 730 761 in[n]iti
745 696 803 757 per
817 677 926 737 omnia
940 675 1080 751 veritati,
1093 673 1247 750 volentes,
1257 681 1353 755 prout
1369 695 1408 736 ex

260 773 464 834 solicitudine
480 773 576 834 officii
590 772 757 854 pastoralis
766 771 986 853 astringimur,
999 771 1080 831 vires
1096 790 1255 850 apponere
1271 775 1309 831 ut
1324 769 1408 831 bona

259 868 337 929 dicti
360 867 529 950 hospitalis
544 869 580 929 in
594 868 666 928 illos
682 887 759 928 usus
782 867 823 927 ad
846 886 925 948 quos
949 866 1106 947 deputata
1128 864 1270 942 fuerant,
1293 870 1327 927 et
1341 886 1407 926 non

259 963 347 1039 alica,
370 963 485 1026 illicite
508 967 745 1039 convertantur,
761 962 838 1022 visis
862 964 897 1021 et
918 960 1096 1021 intellectis
1122 960 1271 1021 omnibus
1295 981 1405 1041 supra·

260 1059 366 1136 dictis,
382 1063 417 1120 et
430 1058 640 1121 facultatibus
655 1058 735 1119 dicti
750 1054 930 1136 hospitalis,
943 1059 977 1116 et
992 1055 1143 1116 oneribus
1159 1056 1265 1116 eidem
1280 1056 1406 1117 incum-

259 1153 412 1215 bentibus
442 1173 533 1234 aequo
555 1153 724 1214 libramine
754 1151 949 1231 ponderatis,
980 1153 1118 1230 urgente
1148 1152 1341 1212 necessitate
1372 1157 1406 1213 et

84 1267 235 1320 ‘rhcmaster
261 1248 405 1309 evidenti
435 1247 579 1309 utilitate
609 1247 690 1307 dicti
727 1243 907 1326 hospitalia,
937 1244 1096 1320 volumus,
1127 1244 1339 1325 disponimus,
1371 1252 1405 1307 et

84 1325 196 1429 {nm
210 1330 235 1370 t⁰
260 1343 456 1419 ordinamus,
471 1343 557 1422 quod
573 1342 614 1403 ad
629 1341 855 1402 invencionem
878 1341 1016 1401 duorum
1040 1340 1241 1401 sacerdotum
1257 1361 1331 1401 curn
1346 1345 1405 1403 tuo

85 1441 170 1544 Ρὲἱθβψ
180 1457 205 1486 ¹11
261 1438 441 1499 ministerio
464 1436 652 1499 sacerdotali
675 1434 822 1498 adhibito
838 1436 967 1496 racione
989 1435 1146 1496 bonorum
1162 1441 1195 1495 et
1210 1434 1404 1497 facultatum

85 1503 193 1605 {iffi
202 1505 228 1546 to
260 1553 332 1615 quae
346 1533 434 1594 dioto
449 1530 602 1613 hospitali
626 1534 805 1612 suppetunt
819 1530 855 1590 in
870 1530 1033 1610 praesenti,
1050 1530 1246 1610 supportatis
1263 1550 1404 1615 congrue

259 1629 361 1708 ipsius
381 1626 551 1708 hospitalis
566 1626 641 1688 aliis
656 1626 818 1701 oneribus,
833 1645 899 1686 non
917 1624 1065 1686 obstante
1081 1625 1143 1685 alia
1158 1625 1362 1687 ordinacione
1379 1627 1406 1688 si

260 1744 325 1805 qua
338 1723 381 1784 sit
391 1722 594 1804 quacumque
605 1721 759 1782 firmitate
774 1720 891 1782 vallata
902 1721 938 1780 in
949 1720 1145 1781 contrarium
1157 1720 1245 1781 edita
1260 1725 1407 1782 tantum-

261 1818 356 1879 modo
371 1817 522 1893 teneariS,
539 1817 573 1878 et
588 1816 629 1878 ad
645 1816 801 1897 majorem
823 1834 998 1876 numerum
1021 1814 1223 1876 sacerdotum
1238 1817 1407 1877 invenien-

260 1914 350 1988 dum,
366 1933 532 1995 quousque
555 1910 691 1989 fructus,
714 1912 871 1988 redditus,
894 1916 928 1972 et
947 1914 1121 1992 proventus
1144 1910 1224 1972 dicti
1239 1909 1407 1992 hospitalis

261 2009 470 2086 excreverint,
496 2029 535 2068 ex
559 2008 676 2090 quibus
702 2006 804 2089 major
827 2027 983 2067 numerus
1009 2007 1149 2068 inveniri
1180 2009 1303 2087 poterit
1328 2028 1406 2089 quo-
1474 2061 1477 2066 .

259 2103 437 2166 modolibet
458 2104 603 2164 arcearis.
648 2103 688 2163 In
711 2101 815 2184 cujus,
830 2105 892 2162 etc.
938 2101 1012 2162 Dat.
1029 2105 1090 2163 etc.
1106 2100 1178 2184 xxvj
1196 2101 1249 2164 die
1266 2101 1405 2179 Octobr,

259 2198 353 2259 Anno
376 2197 508 2259 Domini
528 2195 652 2257 Mill’i’o
675 2202 762 2257 0001110
778 2196 845 2272 lv²⁰,
861 2200 896 2257 et
918 2200 1034 2256 nostrae
1057 2196 1279 2259 translacionis
1294 2199 1404 2259 tercio.

87 2366 174 2426 (aso.)
325 2348 499 2426 Johannes,
528 2353 588 2410 etc.
613 2348 732 2410 dilecto
758 2347 826 2408 filio
851 2348 1006 2430 magistro
1033 2346 1177 2410 Johanni
1203 2350 1243 2412 de
1268 2349 1404 2430 Crakall,

85 2425 214 2530 ’Βζζᾎὸδὸᾶ
260 2445 461 2506 decretorum
477 2444 609 2522 doctori,
625 2441 794 2524 hospitalis
820 2442 928 2504 Beatae
950 2443 1062 2504 Mariae
1078 2444 1257 2507 Madalenae
1280 2446 1405 2528 Rypon’

86 2565 207 2612 suomet>
260 2541 425 2624 magistro,
436 2538 584 2615 salutem,
594 2539 747 2621 graciam,
764 2542 798 2598 et
812 2537 1085 2600 benediccionem.
1130 2539 1199 2601 'sua
1214 2543 1349 2603 assercio
1364 2543 1405 2604 ad

81 2626 156 2742 ξιξ
164 2639 230 2728 ’32
260 2640 402 2696 nostram
418 2634 557 2696 deducta
572 2633 727 2693 noticiam
749 2632 947 2710 manifestat,
963 2633 1049 2713 quod
1066 2638 1189 2695 statum
1204 2634 1283 2696 dicti
1298 2634 1406 2719 bospi-

90 2741 185 2787 crasan
260 2729 335 2791 talis
350 2729 435 2811 quod
449 2731 595 2809 tempore
612 2727 779 2810 regiminis
794 2725 939 2809 ejusdem
960 2727 1021 2789 tibi
1036 2730 1197 2790 commissi
1213 2731 1245 2790 in
1263 2731 1356 2794 bonis
1372 2739 1406 2794 et

85 2814 238 2902 fflffl'
256 2823 385 2907 juribus
409 2824 450 2885 ad
474 2821 763 2904 ipsum‘bospitale
787 2823 1008 2904 spectantibus
1031 2822 1217 2904 collapsum,
1245 2832 1279 2888 et
1305 2829 1407 2889 ruinis

85 2914 204 3021 ’3ζέῑέαῶ
260 2920 467 2985 aedificiorum
483 2939 613 2979 suorum
627 2918 782 2979 invenisti
799 2916 1024 3000 multipliciter
1047 2918 1272 2998 deformatum,
1288 2926 1406 3005 partim

87 3033 175 3078 Marta
260 3016 300 3078 de
330 3014 467 3097 pecunia
499 3018 556 3075 tua
586 3014 723 3094 propria,
753 3013 873 3094 partim
902 3014 942 3075 de
972 3014 1110 3095 pecunia
1134 3036 1173 3076 ex
1196 3017 1406 3083 distraccione

86 3090 231 3208 {mim
259 3111 436 3193 tignorum,
451 3114 680 3171 caemcntarum
695 3107 786 3194 (stc),
802 3115 836 3170 et
847 3109 1019 3192 lignorum,
1032 3111 1088 3192 qui
1100 3111 1140 3172 de
1156 3111 1304 3175 domibus
1320 3115 1405 3195 apud

85 3232 136 3277 ph,
261 3206 412 3288 Stodelay
427 3211 502 3268 ante
517 3209 647 3287 tempus
662 3205 713 3266 tui
727 3205 895 3289 regiminis
917 3206 1034 3267 dirutis
1050 3210 1083 3267 et
1098 3210 1265 3287 prostratis
1280 3230 1404 3271 reman-

86 3290 208 3394 ffiff
260 3307 378 3379 serant,
394 3300 434 3362 de
450 3301 644 3362 toleraoione
658 3306 767 3361 nostra
782 3306 884 3382 perte
900 3300 983 3362 facta
998 3301 1033 3360 in
1048 3303 1166 3363 melius
1180 3305 1406 3385 multipliciter

258 3396 450 3472 reformasti,
480 3401 571 3456 tuam
602 3400 768 3475 expertam
799 3395 992 3456 industriam
1023 3401 1057 3456 et
1089 3396 1329 3460 solicitudinem
1359 3401 1405 3461 la-

258 3489 415 3551 boriosam
439 3495 472 3550 et
496 3494 717 3569 sumptuosam
739 3486 897 3549 habentes
920 3490 953 3549 in
977 3488 1115 3552 Domino
1137 3495 1405 3570 commendatam,

259 3583 503 3644 distraccionem
514 3588 548 3644 et
559 3582 791 3644 alienacionem
803 3583 964 3643 dictorum
974 3581 1153 3665 tignorum,
1165 3593 1405 3666 caementatum,

260 3684 294 3740 et
309 3679 483 3762 lignorum,
498 3678 539 3739 ad
554 3678 733 3738 utilitatem
749 3677 828 3738 dicti
844 3675 1010 3758 hospitalis
1026 3681 1150 3743 notorie
1166 3683 1356 3746 tendentem
1372 3692 1406 3748 et

86 3798 198 3844 Sanction
259 3774 336 3834 inde
351 3774 608 3854 provenientem,
626 3777 730 3833 ratam
753 3769 911 3833 habemus
929 3773 1051 3853 pariter
1073 3779 1107 3836 et
1123 3782 1298 3857 acceptam,
1314 3785 1405 3842 tuam

85 3859 121 3903 ¹⁰¹
131 3857 237 3960 nmogalp
259 3869 487 3930 discrecionem
504 3865 719 3943 exhortantes,
735 3871 772 3927 ut
796 3867 957 3929 laboribus
974 3870 1158 3932 successivis
1174 3893 1265 3935 cures
1280 3875 1406 3938 dictum

85 3916 228 4019 110181110-
260 3961 419 4045 hospitale
430 3963 471 4024 ad
481 3963 541 4024 Dei
554 3962 682 4024 laudem
693 3967 727 4023 et
738 3960 903 4040 honorem,
915 3984 951 4025 ac
967 3985 1147 4046 pauperum
1160 3973 1194 4029 et
1205 3968 1405 4032 infirmorum

84 4033 179 4148 {355⁰ss
261 4061 543 4136 sustentacionem,
573 4059 767 4142 diligencius
798 4059 982 4122 sublimare.
1040 4062 1114 4123 Dat.
1145 4065 1232 4145 apud
1263 4048 1406 4144 Cawode,

258 4156 331 4237 xxvj
349 4156 402 4216 die
418 4154 569 4217 Decemb.
588 4155 680 4215 Anno
697 4157 758 4214 etc.
775 4151 895 4238 (mccc)
911 4151 979 4237 lvj¹⁰
999 4162 1032 4217 et
1053 4163 1169 4219 nostrae
1185 4161 1405 4222 translacionis

258 4252 383 4330 quinto.

87 4398 173 4455 (4911.)
327 4382 525 4448 Commiccio
535 4383 926 4448 adcicitcod.cccleeiom
937 4385 1144 4466 collegiatam
1153 4387 1296 4472 Rypon'.
1313 4389 1405 4474 (Also
