3074 5032
370 343 541 395 EX'I'RAOTS
566 343 664 394 FROM
691 344 787 396 YORK
813 344 1011 397 nnalsrnns.

116 509 280 592 Mauneby
303 530 339 572 ac
363 510 541 572 Robertum
566 511 607 572 de
632 510 751 589 Seton’,
774 511 854 574 dicti
881 511 1008 573 sceleris
1034 512 1206 594 participes
1229 515 1264 573 et

114 609 275 685 patronos,
298 607 355 687 qui
378 606 457 666 alias
484 606 609 667 dictum
633 626 795 668 carcerum
819 606 996 690 fregerunt,
1021 611 1189 668 noctanter
1211 605 1262 667 fu-

114 700 254 783 gientes,
279 706 329 763 set
342 706 423 763 tunc
442 701 694 763 retrudebantur
716 702 750 762 in
772 704 918 782 proximo
936 700 1140 784 apprehensi,
1158 702 1263 763 nomi-

113 796 219 857 natim
243 801 277 857 et
299 798 333 857 in
358 797 473 878 specie,
488 797 651 858 nunciatis
675 800 709 858 et
731 798 889 858 nuncient
910 801 944 858 et
962 794 1088 858 faciatis
1108 816 1166 877 per
1181 795 1260 858 alias

114 891 325 972 solempniter
340 892 497 953 nunciari.
1440 969 1445 976 ¹

179 987 326 1067 Insuper,
357 1007 432 1047 cum
464 1006 503 1047 ex
529 985 697 1066 culparum
728 987 922 1048 enormitate
946 987 1061 1048 modus
1091 987 1259 1071 plagarum
1284 1002 1416 1050 Andeira

113 1081 286 1143 exuberare
302 1081 430 1157 debeat,
446 1101 505 1141 nec
521 1081 564 1141 sit
573 1081 609 1141 in
620 1085 783 1162 potestate
793 1085 902 1143 nostra
910 1082 1102 1165 condignam
1114 1082 1259 1165 infligere
1284 1062 1417 1166 aeisslffi

113 1174 245 1237 facinori
260 1181 354 1238 tanto
368 1196 509 1258 poenam,
524 1181 562 1236 ut
573 1179 684 1236 tamen
696 1177 800 1259 magis
809 1176 930 1238 famosa
941 1177 984 1237 sit
993 1197 1103 1239 eorum
1114 1177 1259 1256 infamia,
1284 1178 1336 1223 tan
1347 1178 1415 1238 ‘br‘-

113 1272 310 1352 rarioresque
340 1271 510 1333 inveniant
541 1290 606 1331 suae
636 1270 772 1332 malioiae
800 1275 982 1350 sectatoreS,
1012 1277 1052 1333 ut
1076 1273 1177 1334 eciam
1201 1277 1260 1334 aut

113 1366 247 1427 redeant
261 1366 301 1427 ad
316 1365 538 1447 peragendum
553 1365 756 1446 poenitenciae
770 1364 924 1442 fructum,
940 1371 998 1428 aut
1012 1366 1090 1428 mali
1104 1367 1260 1450 magister

114 1459 270 1523 Sathenas
285 1463 338 1523 cui
354 1461 500 1522 serviunt
515 1459 555 1520 ad
571 1479 682 1521 eorum
703 1459 836 1522 liberius
851 1466 1002 1542 properet
1017 1463 1257 1540 exterminium,

112 1557 285 1635 quominus
301 1557 485 1617 oracionum
499 1555 696 1636 participant
711 1552 792 1639 (sio)
808 1556 997 1638 suffragium
1012 1561 1071 1618 aut
1084 1557 1172 1618 aliud
1195 1558 1261 1619 Ec-

110 1650 216 1712 clesiae
229 1651 354 1714 Sanctae
365 1652 498 1728 bonum,
508 1651 590 1712 viros
603 1650 772 1712 sceleratos
786 1651 954 1732 praedictos
970 1672 1081 1713 omnes
1096 1657 1131 1714 et
1146 1653 1258 1735 singu·

111 1745 168 1822 los,
184 1746 351 1828 dictosque
375 1744 559 1809 Johannem
575 1750 609 1806 et
631 1744 811 1806 Robertum
826 1745 957 1807 clericos
971 1745 1137 1828 fugitivos,
1153 1767 1189 1807 ao
1205 1767 1258 1808 eos

111 1843 168 1924 qui
182 1841 261 1923 ipsis
276 1844 312 1904 in
327 1841 387 1904 hoc
402 1842 488 1903 facto
504 1841 728 1921 praestiterunt
744 1841 881 1901 scienter
892 1840 1060 1918 auxilium,
1076 1841 1258 1918 consilium,

110 1937 162 1998 vel
177 1937 328 2016 favorem,
344 1960 380 1999 ac
402 1941 620 2017 receptatores
645 1935 821 1997 eorundem
845 1956 902 1998 seu
924 1935 1062 2018 alicujus
1085 1955 1208 2014 eorum,
1223 1937 1259 1997 in

111 2033 245 2094 ecclesia
274 2033 398 2114 Rypon'
427 2032 572 2114 praedict.
603 2030 733 2113 publice
764 2035 798 2092 et
828 2032 863 2091 in
893 2050 1012 2113 genere
1042 2033 1201 2093 moneatis
1225 2037 1259 2093 et

112 2128 281 2190 efficaciter
296 2128 467 2204 inducatis,
483 2126 569 2207 quod
591 2125 676 2186 infra
691 2123 879 2206 quindecim
901 2126 970 2187 dies
986 2145 1005 2186 a
1019 2130 1167 2208 tempore
1190 2146 1259 2188 mo-

112 2225 248 2285 nicionis
273 2228 388 2285 vestrae
418 2223 572 2283 continue
601 2219 829 2297 numerandos,
859 2240 996 2301 quorum
1026 2221 1171 2303 quinque
1201 2242 1258 2303 pro

112 2319 227 2399 primo,
236 2320 379 2400 quinque
388 2338 446 2399 pro
456 2315 607 2393 secunde,
618 2320 652 2376 et
661 2315 800 2395 reliquos
810 2316 953 2397 quinque
966 2314 1036 2377 dies
1044 2336 1102 2397 pro
1111 2317 1213 2379 tercio
1223 2323 1258 2379 et

112 2415 328 2495 peremptorio
336 2414 478 2474 termino
487 2432 524 2472 ac
533 2411 714 2472 monicione
725 2411 877 2472 canonica
887 2411 1060 2493 assignetis
1073 2412 1206 2490 eisdem,
1222 2419 1258 2475 et

111 2529 170 2570 nos
185 2507 415 2570 nichilominus
430 2511 542 2568 tenore
557 2506 767 2586 praesencium
782 2506 994 2590 assignamus,
1009 2506 1089 2585 Deo,
1104 2505 1256 2583 ecclesiae,

111 2609 146 2666 et
160 2605 263 2680 nobis,
275 2604 316 2664 de
325 2608 376 2665 tot
388 2607 422 2664 et
433 2602 535 2662 tantis
547 2600 687 2678 delictis,
698 2598 835 2681 injuriis,
847 2605 881 2662 et
890 2601 1048 2682 dampnis,
1059 2600 1257 2665 satisfaciant

110 2703 342 2781 competenter,
359 2719 395 2759 ao
410 2699 529 2758 nostris
552 2701 587 2758 et
610 2695 752 2757 ecclesiae
768 2697 903 2758 veniant
924 2698 1062 2778 parituri
1084 2697 1256 2777 mandatis,

110 2795 170 2858 sub
199 2815 294 2876 poena
318 2792 661 2856 excommunicacionis
688 2791 828 2872 majoris,
855 2812 963 2873 quam,
988 2791 1076 2854 dicta
1105 2794 1258 2855 canonica

108 2892 288 2952 monicione
304 2891 479 2971 praemissa,
495 2889 530 2947 in
545 2888 631 2968 ipsos
653 2891 688 2948 et
711 2907 822 2947 eorum
845 2886 1000 2969 singulos,
1017 2891 1051 2947 et
1074 2886 1257 2967 specialiter

108 2987 144 3047 in
173 3006 324 3067 personas
356 2986 516 3046 dictorum
547 2980 704 3045 Johannis
729 2987 762 3044 et
785 2981 929 3058 Roberti,
961 2982 987 3042 si
1021 2982 1256 3043 monicionibus

109 3083 223 3144 vestris
239 3080 427 3163 hujusmodi
436 3078 515 3159 quin
525 3079 636 3160 pocius
646 3079 764 3138 nostris
775 3098 841 3139 non
855 3077 1034 3157 paruerint,
1046 3096 1120 3136 oum
1136 3076 1256 3139 effectu

109 3199 237 3240 exnunc
252 3184 290 3239 ut
306 3183 425 3240 extunc
440 3174 536 3255 culpa
551 3175 694 3254 ipsorum
711 3194 800 3234 mora
816 3177 849 3234 et
864 3171 984 3235 delicto
998 3171 1255 3252 praecedentibus

110 3279 145 3335 et
159 3275 366 3355 poscentibus
382 3268 573 3353 proferimus
589 3269 624 3329 in
640 3266 703 3328 hiis
720 3269 857 3349 scriptis.

177 3371 221 3430 Et
258 3390 312 3430 vos
342 3374 461 3429 extunc
491 3366 575 3445 ipsos
606 3384 717 3425 omnes
752 3368 786 3425 et
824 3362 966 3446 singulos
996 3381 1032 3423 ac
1062 3363 1255 3426 nominatim
1281 3390 1374 3450 nm„

110 3457 131 3518 J
133 3455 294 3517 ohannem
310 3460 344 3517 et
360 3456 539 3520 Robertum
554 3458 711 3541 fugitivos
725 3459 894 3541 praedictos
908 3457 997 3519 utin
1012 3457 1141 3520 malicia
1155 3458 1255 3521 obsti·
1279 3454 1369 3554 ffi‘e
1375 3449 1433 3495 M

109 3557 203 3614 natos
219 3551 406 3614 obturantes
432 3575 521 3616 more
538 3556 688 3636 aspidum
712 3574 805 3616 aures
825 3573 897 3616 suas
913 3573 952 3615 ex
967 3554 1071 3615 causis
1092 3555 1255 3636 praedictis
1280 3522 1394 3612 maie

107 3648 177 3709 viee
200 3652 308 3708 nostra
324 3668 400 3709 cum
425 3651 653 3732 solempnitate
668 3654 702 3712 et
717 3649 930 3712 observanciis
951 3649 1068 3730 quibus
1084 3670 1191 3732 supra,
1208 3651 1253 3712 sic
1278 3625 1423 3680 denounced,

106 3764 164 3824 per
188 3763 245 3804 nos
270 3747 559 3808 excommunicatos
586 3766 656 3807 esse
678 3745 713 3807 in
737 3744 871 3806 ecclesia
893 3743 1010 3825 Ripon'
1030 3748 1065 3806 et
1086 3744 1164 3807 locis
1181 3745 1254 3807 aliis

107 3838 380 3919 vobissubjectiS,
396 3840 514 3921 quibus
531 3843 672 3930 expedit,
687 3861 744 3922 per
760 3861 814 3903 vos
830 3844 864 3901 et
879 3840 959 3901 alios
974 3840 1147 3902 nunciatis.

174 3932 367 3995 Inhibentes
397 3937 547 3999 omnibus
578 3942 612 3998 et
650 3936 787 4020 singulis
818 3932 937 3997 Christi
966 3933 1116 3995 fidelibus
1136 3934 1254 3996 ¹arcius
1278 3959 1377 4004 maus

106 4030 177 4090 vice
208 4035 318 4090 nostra
350 4049 392 4091 ne
423 4053 497 4093 cum
527 4032 623 4093 dictis
654 4030 940 4093 excommunicatis
970 4028 1126 4109 quamdiu
1156 4028 1253 4091 dictis
1278 4016 1375 4061 ΝΜ

1279 4074 1383 4132 charged
1394 4081 1420 4122 to

107 4125 281 4186 sentenciis
302 4127 512 4205 pertinaciter
535 4126 758 4209 subjacebunt,
777 4123 907 4204 aliquod
926 4120 1118 4184 contrahant
1140 4124 1255 4185 merci·
1278 4134 1382 4179 baveno

107 4219 266 4297 monium,
278 4240 384 4302 neque
399 4224 596 4305 participent
612 4242 685 4283 cum
701 4221 780 4301 ipsis
796 4217 931 4294 edenda
943 4217 1094 4297 bibendo,
1107 4220 1255 4298 emend0,
1279 4193 1430 4298 {iffiffih

108 4315 290 4390 vendendO,
313 4319 489 4397 coquendo,
506 4315 677 4398 loquendo,
700 4317 812 4397 ignem
828 4313 879 4374 vel
894 4333 1011 4394 aquam
1030 4313 1254 4394 ministranda
1279 4309 1353 4355 them.
