3074 5032
272 352 445 404 massere
471 352 569 403 raou
595 352 692 404 roan
717 351 925 416 assrsrnss3
959 351 1126 402 usuras.
1397 328 1444 402 23

186 519 451 584 Memoraadum
466 519 537 583 thot
552 517 681 583 ornain
696 517 828 603 (rarat)
838 519 942 583 deone
957 517 1038 582 bovo
1049 517 1126 581 been
1136 512 1270 579 written
1295 523 1351 582 (96)

119 622 150 678 16
159 615 220 698 for
235 614 365 680 certain
380 614 479 678 clerks
496 614 675 698 beloapinp
690 621 722 677 to
738 613 823 677 their
832 614 1007 698 respective
1015 609 1269 696 jurisdictione,
1294 583 1425 690 §3¹3⁵

118 710 202 790 sobo,
218 710 316 795 beinp
331 711 487 795 defamari
506 712 548 795 of
563 710 654 795 tbeft,
670 732 728 774 ore
747 709 962 795 imprisoaed
980 717 1016 774 ot
1034 708 1174 793 Ripoa3
1197 705 1270 788 they

118 828 176 871 ore
191 813 223 870 to
239 828 370 892 appear
385 807 492 891 before
507 828 572 870 our
587 806 809 888 commissero
824 805 866 869 tn
882 827 947 869 our
963 804 1086 869 obbaob
1102 804 1141 887 of
1152 801 1271 886 Ripoa

118 924 163 966 on
179 903 230 967 ibe
243 925 387 968 morrow
402 903 441 987 of
451 903 569 987 Puris.
584 903 625 967 B.
647 904 683 968 V.
714 902 842 987 Ripoa
858 904 908 967 Id.
924 903 1092 966 Decembr.
1109 922 1193 964 anno
1211 901 1255 963 7⁰.

259 1170 452 1225 REGISTER
476 1171 524 1224 OF
549 1171 635 1225 ABP.
660 1171 845 1226 NEWARK.
882 1185 938 1226 an.
958 1170 1125 1224 1296-1299.

183 1291 389 1378 H(enricus),
416 1296 626 1377 permissione
658 1295 776 1355 Divina
798 1295 894 1357 Ebor.
921 1294 1057 1371 electus,
1080 1293 1209 1355 dilectis
1231 1293 1267 1354 in
1292 1296 1334 1356 (1)

115 1389 245 1453 Christo
267 1390 354 1452 filiis.
379 1435 387 1452 .
413 1436 421 1453 .
444 1391 586 1472 capitulo
610 1396 719 1453 nostro
743 1390 877 1472 Rypon’,
905 1390 1044 1452 salutem
1066 1391 1101 1450 in
1126 1390 1266 1451 Auctore
1291 1357 1421 1474 11191χῖ37

115 1486 241 1548 salutis.
303 1485 385 1548 Cum
416 1488 637 1549 serenissimus
674 1488 823 1568 princeps
861 1486 1012 1548 dominus
1049 1492 1160 1548 noster
1197 1486 1267 1547 Rex
1291 1497 1408 1568 Mondsto

114 1583 243 1666 Angliae
272 1582 419 1660 illustris,
451 1584 526 1644 sede
564 1583 660 1644 Ebor.
691 1590 836 1660 vacante,
867 1582 1072 1663 praebendam
1101 1602 1173 1663 quae
1202 1580 1268 1644 fuit
1291 1559 1420 1604 romanet„

114 1679 264 1761 magistri
287 1675 445 1740 Johannis
468 1679 508 1740 de
531 1678 665 1760 Ebroyc’
680 1679 716 1738 in
739 1678 874 1739 ecclesia
900 1677 1026 1759 Rypon'
1041 1698 1098 1758 per
1122 1678 1268 1760 resigna·

114 1777 242 1836 cionem
257 1775 360 1856 ipsius
376 1782 553 1853 vacantem,
569 1775 688 1837 dilecto
703 1774 818 1836 clerico
842 1796 900 1836 suo
915 1775 1046 1836 domino
1067 1772 1210 1837 Johanni
1226 1776 1266 1836 de

115 1870 298 1933 Benestede
313 1871 489 1932 contulerit
505 1892 563 1933 suo
574 1871 661 1953 jure,
676 1871 766 1932 vobis
782 1872 973 1932 mandamus
988 1872 1142 1952 quatinus
1158 1871 1266 1952 ipsum

113 1967 166 2028 vel
176 1972 417 2047 procuratorem
434 1988 529 2028 suum
545 1967 616 2050 ejus
631 1968 762 2028 nomine
775 1967 810 2027 in
823 1967 958 2028 fratrem
970 1971 1006 2028 et
1015 1967 1266 2028 concanonicum

113 2063 339 2139 admittentes,
356 2062 418 2124 sibi
434 2063 565 2124 stallum
581 2066 615 2124 in
631 2062 727 2124 choro
743 2068 777 2124 et
800 2062 908 2124 locum
922 2064 957 2123 in
980 2063 1124 2144 capitulo
1138 2063 1266 2125 racione

113 2159 294 2239 praebendae
316 2157 415 2240 hujus
437 2159 548 2220 debite
570 2159 754 2242 assignatio,
776 2160 811 2218 in
834 2149 968 2239 persona
990 2157 1147 2240 ejusdem,
1170 2159 1266 2220 modo

112 2258 279 2331 consueto,
295 2254 381 2334 quod
396 2260 540 2315 vestrum
555 2261 607 2317 est
621 2255 761 2316 ulterius
777 2259 985 2335 exequentes,
1024 2254 1149 2316 Valcte.
1188 2254 1264 2317 Dat.

111 2351 197 2431 apud
207 2350 541 2430 westmonasterium,
556 2372 576 2412 v
592 2351 677 2413 Non.
694 2351 715 2412 J
717 2351 788 2427 ulii,
805 2351 899 2411 Anno
914 2351 1030 2432 graciae
1046 2351 1148 2411 M⁰cc⁰
1162 2371 1264 2413 nona-

111 2447 238 2529 gesimo
255 2448 406 2527 septimo.

179 2637 328 2718 Capitulo
343 2639 477 2721 Rypon’‚
494 2639 643 2702 salutem.
681 2641 835 2702 Precibus
848 2640 964 2702 nobilis
974 2639 1259 2701 dominaedominae
1285 2665 1327 2726 (1)

1284 2736 1336 2770 ar).
1348 2728 1413 2775 1297.

1285 2783 1342 2833 Dec.
1353 2788 1389 2835 22.

109 2835 226 2910 potens
256 2831 413 2908 redditur,
444 2833 529 2913 quod
558 2852 617 2912 pro
646 2833 815 2893 audiendis
839 2833 966 2893 Divinis
991 2831 1124 2913 nequit²
1148 2877 1155 2893 .
1182 2877 1189 2893 .
1215 2877 1223 2894 .
1248 2878 1256 2895 .
1283 2867 1419 2918 Licencsto

108 2927 241 2986 visitare
257 2926 377 2988 cotidie
399 2926 617 2989 favorabiliter
639 2934 820 2988 annuentes
835 2927 925 2989 vobis
950 2927 1152 3010 injungimus
1179 2949 1257 3009 qua·
1282 2927 1390 3032 &effc-

107 3023 198 3082 tinus
223 3023 258 3082 in
283 3024 418 3084 oratorio
445 3024 530 3085 iufra
552 3021 734 3104 hospicium
756 3025 811 3085 ubi
828 3023 952 3106 Rypon’
973 3030 1117 3085 moratur
1141 3030 1256 3102 erecto,
1283 3000 1424 3094 tdhdiian

108 3117 225 3178 saltem
239 3117 323 3178 infra
346 3116 403 3179 hos
418 3120 487 3180 dies
511 3118 709 3180 Natalicios³
732 3120 800 3180 sine
824 3126 900 3198 nota
915 3121 1004 3181 licite
1029 3121 1256 3200 possit-audire
1282 3111 1386 3166 oratory.

107 3212 228 3272 Divina
244 3213 304 3274 sibi
318 3213 486 3274 hoenciam
498 3215 691 3277 concedatis
718 3215 848 3276 Proviso
860 3216 944 3296 quod
956 3236 1013 3298 per
1025 3213 1106 3274 hanc
1115 3216 1258 3296 graciam

103 3307 235 3391 juribus
261 3311 374 3370 matris
400 3311 540 3371 ecclesiae
567 3311 703 3372 minime
732 3309 932 3389 detrahatur,
964 3317 998 3372 et
1029 3330 1124 3391 super
1148 3356 1156 3373 .
1181 3355 1189 3372 .
1215 3357 1222 3373 .
1248 3356 1256 3373 .

108 3405 266 3465 securitas
304 3405 393 3466 vobis
430 3405 496 3469 fiat.
557 3407 683 3468 Valete.
743 3407 817 3468 Dat.
848 3408 935 3491 apud
966 3407 1089 3483 Cawod,
1119 3406 1149 3488 vj
1182 3407 1256 3472 Kal.

106 3500 279 3563 Januarii.⁴

111 2731 302 2796 Christianae
327 2735 367 2796 de
392 2735 497 2813 Brus,¹
514 2756 597 2817 quae,
614 2737 704 2797 senio
726 2735 797 2818 jam
821 2736 993 2813 confracta,
1015 2736 1096 2797 adeo
1121 2736 1170 2796 sui
1196 2736 1259 2797 im-

173 3690 322 3772 Capitulo
337 3692 464 3773 Ripon’,
475 3693 623 3755 salutem.
646 3694 739 3755 Licet
754 3695 983 3756 convocacione
995 3694 1133 3758 fratrum
1143 3695 1255 3759 habita
1280 3705 1331 3741 ffl-
1344 3695 1410 3743 1297.

106 3807 162 3867 per
178 3787 396 3849 venerabilem
405 3794 529 3869 patrem
542 3790 632 3851 bonae
644 3791 807 3852 memoriae
824 3791 845 3852 J
846 3789 1007 3852 ohannem
1023 3793 1118 3853 Ebor.
1130 3791 1255 3854 arohie-
1282 3777 1402 3896 Ξζέίξξξξᾶ

105 3885 282 3964 piscopum‚
298 3885 564 3964 praedecessorem
586 3891 734 3946 nostrum
756 3888 995 3965 immediatum,
1011 3889 1153 3968 provide.
1179 3934 1187 3950 .
1212 3934 1220 3951 .
1245 3934 1253 3951 .
1279 3896 1388 3968 levana

106 3979 145 4039 (16
171 3984 260 4040 certo
285 3981 428 4042 subsidio
454 3981 495 4044 ad
521 3981 675 4043 fabricam
702 3984 836 4044 cancelli
863 3985 1004 4045 ecclesiae
1036 3983 1152 4066 Ripon'
1174 3990 1254 4047 tunc
1279 3971 1403 4059 mam

106 4076 245 4137 vicinam
261 4077 417 4138 minantis
427 4079 567 4156 ruinam,
578 4081 756 4140 necessario
773 4079 919 4141 faciendo
935 4081 1021 4162 quod
1037 4081 1078 4142 de
1094 4081 1253 4143 fructibus
1274 4074 1385 4132 sabaea

107 4177 140 4232 et
154 4173 365 4253 proventibus
390 4220 398 4236 .
423 4219 465 4255 ,1.
490 4220 497 4236 .
521 4176 624 4256 ipsius
648 4176 790 4237 ecclesiae
806 4178 846 4238 de
863 4178 1026 4238 communi
1050 4182 1084 4237 et
1106 4179 1255 4240 concordi

177 4308 219 4377 (1)
240 4309 297 4362 Tho
309 4309 416 4362 mother
430 4308 459 4362 of
468 4279 572 4363 Robert
584 4311 617 4362 de
630 4311 708 4364 Brus.
748 4312 869 4382 (Raine.)

175 4389 218 4455 (2)
240 4388 344 4441 Leaves
356 4387 460 4458 injured
473 4389 535 4442 here
548 4390 600 4442 and
613 4388 708 4444 below.
830 4441 834 4447 ,
857 4393 901 4462 (3)
921 4390 1071 4445 Christmas
1083 4392 1148 4446 tide.

176 4467 218 4536 (4)
238 4465 351 4520 Printed
363 4465 392 4519 in
404 4467 512 4525 Raine's
525 4468 662 4532 ‘Letters’
675 4487 700 4539 p.
716 4470 776 4523 135.
