3074 5032
232 344 407 396 nrrascrs
433 345 531 396 naon
557 345 653 396 roan
679 341 890 406 nnc1srnns;
925 341 1135 393 connarnsn.
1384 322 1429 395 31

105 513 303 598 recepcionis
320 514 545 595 praesencium,
561 518 595 575 et
610 511 763 595 quicquid
779 510 921 572 feceritis
937 511 971 571 in
987 510 1160 592 praemissis
1175 510 1256 571 citra

106 611 195 672 diem
211 609 323 684 Lunae,
339 607 525 669 certificetis
549 604 739 688 praedictum
755 626 813 686 per
828 610 951 666 vestras
975 609 1123 686 patentes
1146 604 1256 666 literas

106 705 224 768 harum
240 705 356 765 seriem
372 706 588 765 continentes.
634 703 684 764 Ad
700 723 797 785 quem
814 702 901 763 diem
916 702 1009 763 nobis
1027 699 1206 763 exhibeatis
1221 703 1256 762 in

108 801 236 884 scriptis
252 801 399 860 omnium
414 801 738 862 nominacitatorum.
769 797 896 859 Valete.
934 799 1010 859 Dat.
1022 798 1107 879 apud
1120 798 1256 876 Burton,

108 897 183 961 Kal.
201 896 384 978 Septembr.
398 895 606 977 pontificatus
622 895 725 956 nostri
739 915 824 955 anno
840 895 990 956 secundo·

175 1089 327 1167 Thomas,
342 1089 404 1150 Dei
428 1091 546 1172 gracia,
563 1094 625 1151 etc.
650 1089 779 1151 dilectis
804 1088 840 1148 in
866 1086 994 1150 Christo
1014 1087 1089 1149 filiis
1114 1088 1256 1169 capitulo
1283 1097 1367 1158 (otc.)

107 1191 220 1250 nostro
249 1185 376 1265 Ripon',
403 1186 552 1258 salutem,
577 1185 730 1267 graciam,
761 1189 796 1244 et
825 1183 1097 1245 benediccionem.
1143 1184 1256 1264 Nuper
1281 1157 1410 1264 ῧζζξω·

106 1283 195 1364 apud
207 1301 273 1357 νοε,
285 1281 438 1342 videlicet
453 1282 506 1342 die
523 1282 623 1342 Lunae
639 1302 727 1362 prox.
740 1284 814 1361 post
829 1278 950 1340 festum
965 1279 1059 1340 Beati
1074 1277 1256 1357 Michaelis,
1284 1300 1406 1345 Decretum

106 1381 202 1440 Anno
218 1377 333 1459 graciae
349 1377 400 1437 Μ0
415 1385 482 1438 ccc⁰
498 1379 611 1458 primo,
626 1378 662 1438 in
686 1381 791 1438 vestro
816 1375 969 1456 capitul0,
986 1376 1070 1436 sicut
1091 1397 1130 1437 ex
1150 1380 1257 1456 pasto-
1282 1359 1405 1462 ffffiffl

106 1476 184 1536 ralis
212 1494 296 1535 curae
321 1474 414 1535 nobis
440 1475 591 1536 incubuit
618 1474 739 1551 debito,
763 1473 961 1534 visitacionis
981 1472 1123 1534 officium
1147 1494 1257 1534 excer-
1283 1478 1424 1547 visitacicnie

108 1576 234 1648 centes,
250 1571 464 1652 praesentibus
487 1571 626 1631 dominis
642 1570 758 1652 Egidio
783 1569 823 1630 de
842 1567 1049 1646 Audenardo,
1073 1574 1108 1629 et
1130 1569 1258 1651 Rogero
1283 1535 1390 1655 mii,

110 1667 238 1748 Swayn,
264 1686 301 1726 ac
324 1667 480 1748 magistro
506 1664 629 1726 Thoma
653 1665 694 1726 de
722 1663 909 1745 Correbrig’,
932 1665 1092 1744 praedictae
1116 1664 1258 1725 ecclesiae

108 1763 283 1841 canonicis,
298 1763 454 1844 magistro
469 1762 634 1823 Willelmo
658 1761 698 1822 de
715 1759 903 1835 Grenefeld,
919 1760 1130 1820 concanonico
1152 1765 1259 1821 vestro

109 1859 260 1942 legitime
286 1863 448 1933 excusato,
475 1858 599 1918 caeteris
622 1877 697 1921 vero
720 1856 941 1918 concanonicis
964 1856 1079 1916 vestris
1104 1876 1161 1936 per
1186 1876 1261 1916 con·

110 1955 290 2017 tumaciam
319 1954 521 2031 absentibus,
551 1954 699 2035 quaedam
729 1953 852 2014 ibidem
886 1957 1051 2032 comperta
1081 1951 1261 2032 personalia

110 2050 354 2112 reformavimus
370 2054 466 2130 prout
488 2050 628 2111 vidimus
652 2049 814 2130 expedire,
829 2068 957 2129 poenam
979 2046 1122 2129 praefatis
1145 2052 1260 2108 contu-

110 2146 258 2208 macibus
270 2145 504 2228 inflingendam
511 2142 590 2230 (acc)
596 2150 706 2206 nostro
716 2144 850 2218 arbitrio
861 2143 1041 2225 specialiter
1051 2150 1260 2206 reservantes

179 2242 237 2305 Set
249 2243 324 2324 quia
339 2243 426 2302 inter
441 2248 556 2302 caetera
571 2246 650 2302 tunc
667 2240 884 2321 comperimus
900 2241 1066 2301 evidenter
1082 2240 1168 2321 quod
1179 2261 1259 2301 areae
1285 2252 1351 2299 Plus
1361 2255 1398 2299 for

111 2339 315 2422 quorundam
331 2339 617 2399 concanonicorum
632 2342 813 2399 vestrorum
829 2337 898 2397 sine
915 2341 1075 2398 structura
1089 2342 1261 2398 remanent
1285 2312 1414 2417 pmcn

112 2436 205 2518 quasi
227 2454 334 2495 vacuae
359 2439 394 2494 et
416 2433 563 2510 desertae,
579 2433 782 2515 quorundam
808 2432 911 2493 eciam
936 2432 1071 2494 aedificia
1093 2433 1260 2493 minantur
1285 2432 1375 2475 remam

113 2533 253 2607 ruinam,
281 2529 417 2591 aliorum
443 2550 519 2591 vero
548 2528 664 2590 domus
694 2533 883 2609 coopertura
907 2531 941 2589 et
971 2528 1043 2588 aliis
1073 2529 1260 2589 necessariis
1285 2493 1380 2535 vacant.

113 2627 258 2688 multum
282 2630 392 2706 egent.
437 2625 576 2698 Quidam
601 2645 677 2686 vero
702 2623 899 2685 confratrum
924 2630 1103 2685 vestrorum
1126 2625 1161 2684 in
1188 2644 1262 2684 con·
1288 2636 1356 2682 some

114 2721 289 2785 tribuendo
314 2742 371 2782 seu
393 2721 545 2782 solvendo
561 2721 719 2782 decimam
741 2720 782 2780 ad
806 2719 958 2781 fabricam
981 2719 1122 2801 praefatae
1143 2724 1262 2781 nostrae
1287 2709 1421 2811 difflant,

115 2817 231 2901 Ripon’
262 2817 404 2878 ecclesiae
435 2817 640 2898 assignatam,
667 2821 702 2877 et
731 2817 766 2876 in
796 2815 868 2876 aliis
898 2815 1007 2877 debite
1039 2817 1262 2897 supportandis
1288 2813 1406 2917 assffiffi·

114 2915 277 2991 omnibuS,
294 2933 327 2974 se
351 2913 493 2974 reddunt
517 2912 663 2973 difficiles
687 2916 721 2973 et
745 2911 892 2987 rebelles,
916 2911 971 2971 alii
994 2917 1117 2990 autem,
1140 2914 1264 2974 emolu·
1288 2886 1341 2976 db]
1351 2931 1419 2978 with.

113 3016 228 3072 mento
243 3009 487 3091 praebendarum
504 3027 635 3068 suarum
651 3013 814 3088 percepto,
829 3008 870 3068 ad
887 3007 1069 3069 faciendam
1092 3009 1127 3069 in
1150 3009 1263 3070 eadem

114 3106 251 3170 ecclesia
274 3105 487 3165 residenciam
509 3104 549 3165 ad
566 3123 664 3185 quam
678 3107 846 3181 tenentur,
861 3103 937 3164 cum
952 3109 1068 3165 vestrae
1083 3104 1264 3185 praebendae

115 3202 253 3284 singulae
269 3220 380 3261 curam
395 3198 537 3261 habeant
552 3200 745 3276 animarum,
762 3219 807 3276 se,
823 3199 908 3279 quod
931 3199 1085 3260 indecens
1108 3201 1263 3278 cernitur,

113 3318 181 3360 non
195 3295 409 3373 conformant,
424 3296 526 3357 immo
541 3316 583 3357 ne
606 3295 768 3357 resideant
784 3315 818 3356 se
834 3294 1032 3357 subtrahunt
1047 3294 1260 3377 periculosius

115 3395 156 3456 ab
173 3393 305 3469 eadem3
328 3391 407 3468 Nos,
422 3412 463 3453 ne
489 3392 529 3453 ad
552 3396 792 3452 accrementum
815 3389 914 3473 hujus
937 3392 1093 3453 cotidiani
1109 3392 1264 3472 stipendii
1289 3411 1422 3459 Wedirect

115 3510 174 3572 per
198 3488 441 3550 connivenciam
468 3508 525 3549 seu
552 3487 846 3548 dissimulacionem
872 3487 1052 3568 quamlibet
1082 3489 1116 3548 in
1146 3493 1263 3549 nostrae
1289 3472 1416 3588 ffisssseffi,

117 3585 330 3648 offensionem
345 3584 553 3645 conscienciae
576 3582 760 3664 exemplum
785 3584 852 3644 sive
877 3583 1106 3644 auctoritatem
1121 3585 1264 3665 praebere
1290 3589 1412 3646 buildings

116 3682 251 3744 forsitan
275 3681 453 3757 videamur,
476 3679 566 3741 vobis
589 3680 624 3740 in
640 3680 761 3740 virtute
785 3680 980 3741 obedienciae
995 3680 1133 3741 firmiter
1153 3679 1265 3762 injun-
1290 3649 1423 3766 ἒξοῖξθᾞᾏῗ

116 3780 225 3861 gendo
243 3777 435 3838 mandamus
450 3781 611 3857 quatenus
627 3776 709 3837 areis
725 3776 801 3836 locis
817 3776 964 3837 omnium
979 3779 1265 3838 concanonicorum
1291 3766 1359 3811 with.

117 3879 299 3937 vestrorum
324 3873 407 3933 circa
430 3870 597 3953 praefatam
619 3870 789 3932 ecclesiam
812 3871 914 3932 oculis
929 3877 1045 3932 vestrae
1061 3872 1266 3933 discrecionis

117 3991 194 4032 cum
218 3968 386 4030 celeritate
414 3967 580 4050 subjectiS,
602 3967 762 4028 moneatis
787 3967 934 4049 legitime
960 3971 994 4028 et
1021 3966 1191 4028 efficaciter
1214 3967 1266 4027 in-

118 4065 244 4128 ducatis
261 4064 390 4126 eosdem
406 4064 491 4145 quod
507 4063 729 4144 unusquisque
745 4083 867 4141 earum,
878 4064 946 4124 sine
962 4063 1115 4123 tarditate
1131 4082 1266 4140 morosa,

119 4183 176 4224 sua
205 4160 341 4223 aedificia
371 4181 511 4243 congrue
537 4159 634 4242 juxta
663 4180 750 4242 nunc
780 4164 961 4241 compertos
992 4156 1138 4219 defectus
1168 4157 1267 4219 faciat

121 4258 297 4332 emendari,
324 4260 358 4317 et
384 4257 470 4337 quod
497 4256 537 4317 de
563 4256 689 4317 decima
712 4255 754 4316 ad
777 4254 932 4317 fabricam
955 4253 1098 4315 ecclesiae
1122 4258 1161 4315 ut
1185 4276 1267 4336 prae·
1293 4270 1350 4332 (68)

121 4353 239 4414 dicitur
268 4352 442 4433 assignata,
468 4352 634 4433 ipsiusque
661 4352 841 4434 arreragiis,
865 4352 891 4411 si
922 4370 993 4431 quae
1022 4348 1157 4428 fuerint,
1183 4351 1267 4414 infra

124 4468 268 4512 mensem
301 4467 321 4508 a
353 4447 536 4509 municione
573 4445 761 4530 hujusmodi
800 4445 998 4509 satisfaciant
1034 4450 1268 4527 competenter,
