3074 5032
125 264 180 400 ’36

130 619 278 667 Pronuncio-

130 683 165 725 cio
175 681 255 737 depra-

130 739 238 784 ducionis.

667 333 874 386 MEMORIALS
900 333 944 385 OF
971 331 1090 387 RIPON.
1110 340 1112 344 ’

306 505 583 589 archiepiscopum
612 503 852 587 pontificalibus
881 500 1037 564 indutum
1066 489 1203 564 fuerunt
1227 502 1319 566 exuti
1343 523 1457 587 supera

306 604 462 686 pelliceis,
492 601 712 682 unusquisque
742 619 855 660 eorum
881 597 1036 660 videlicet
1066 599 1269 681 singillatim,
1301 601 1361 662 sub
1390 599 1456 663 hiis

308 699 424 776 verbis,
434 703 443 734 ‘
453 698 656 759 Auctoritate
669 696 731 756 Dei
740 695 846 756 Patris
859 694 1113 776 Omnipotentis,
1123 701 1157 757 et
1166 695 1255 773 Filii,
1268 701 1302 758 66
1314 695 1456 779 Spiritus

309 796 419 858 Sancti
444 814 480 855 ac
505 797 614 854 nostra
637 791 699 853 tibi
722 792 764 853 N.
788 791 965 852 auferimus
987 789 1138 852 habitum
1156 791 1348 869 clericalem,
1364 798 1400 854 et
1418 799 1455 856 te

307 892 511 973 deponimus
541 888 764 971 degradamus
789 887 973 968 spoliamus,
999 892 1041 950 66,
1061 887 1274 965 denudamus,
1298 888 1340 951 ab
1365 889 1455 952 omni

306 986 463 1048 beneficio
486 990 520 1046 et
542 983 711 1066 privilegio
741 982 891 1060 clericali,
918 1003 954 1043 ac
984 983 1088 1064 prima
1117 988 1250 1045 tonsura
1276 1005 1373 1067 quam
1396 1005 1456 1067 per
1487 997 1489 1000 ’

157 1105 240 1150 nater
306 1103 423 1143 manus
452 1080 620 1162 pontificis·
643 1079 813 1160 recepisti'
902 1079 946 1138 Et
975 1080 1221 1141 memorandum
1243 1081 1329 1162 quod
1352 1101 1455 1143 unns-

130 1179 246 1269 :gessenn-
307 1180 443 1262 quisque
466 1178 610 1258 ipsorum
634 1177 727 1237 stetit
749 1195 855 1236 coram
885 1173 1124 1256 archiepiscopo
1149 1175 1352 1258 judicialiter
1383 1177 1454 1240 sine

177 1284 182 1293 '
196 1296 229 1326 us.
306 1273 524 1355 compedibus,
534 1276 573 1332 116
584 1271 777 1352 praedicitur,
790 1269 945 1332 confitens
955 1271 1076 1332 crimen
1089 1292 1193 1333 suum.
1279 1273 1323 1332 Et
1331 1292 1455 1334 memo-

208 1417 218 1424 .
306 1370 445 1431 randum
468 1368 554 1450 quod
576 1369 648 1429 istae
671 1367 920 1449 degradaciones
945 1367 1133 1428 elericorum
1156 1367 1249 1428 factae
1270 1367 1452 1452 fueruntvj
1481 1424 1485 1441 ,

132 1465 175 1494 “³¹²
193 1465 236 1494 '⁴²¹²‘
306 1465 412 1527 Kal’n.
431 1463 617 1539 Novembr.,
632 1463 726 1524 Anno
749 1463 864 1544 graciae
880 1463 931 1524 Μ0
946 1471 1014 1524 ccc⁰
1030 1464 1180 1542 secundo,
1196 1469 1230 1525 et
1244 1465 1454 1546 pontificatus

130 2352 201 2399 Form
212 2353 238 2398 of
242 2354 281 2398 dc-

129 2413 263 2472 gradation.

305 1561 437 1624 Thomae
462 1558 694 1641 archiepiscopi
720 1561 832 1635 tercio,
856 1559 892 1620 in
914 1557 1047 1620 ecclesia
1077 1558 1212 1641 Rypon’‚
1239 1561 1462 1641 praesentibus

306 1658 446 1720 dominis
461 1658 570 1718 Priore
590 1657 630 1717 de
653 1653 914 1732 Hertildesham,
938 1654 1085 1717 Johanne
1109 1657 1150 1718 de
1173 1655 1403 1740 LithegreynS,
1419 1663 1454 1720 et

307 1755 439 1818 Simone
463 1754 502 1815 de
518 1753 617 1814 Ward
634 1753 771 1828 seniore,
786 1751 959 1829 militibus,
974 1772 1011 1813 ac
1026 1751 1151 1835 Rogero
1168 1752 1283 1835 Swayn
1298 1755 1454 1816 canonico

306 1849 441 1933 Rypon’,
465 1869 591 1910 necnon
614 1849 779 1930 magistris
798 1847 848 1909 W.
872 1848 913 1908 de
936 1847 1110 1908 Beuerlaco
1133 1852 1168 1909 et
1191 1848 1230 1910 R.
1253 1849 1294 1910 de
1315 1849 1397 1912 Mar'
1418 1858 1454 1912 et

304 1948 375 2009 aliis
402 1945 549 2028 pluribus
580 1944 763 2028 fidedignis.
809 1943 1031 2006 Confessiones
1053 1965 1128 2006 vero
1156 1945 1346 2007 clericorum
1373 1967 1455 2028 prae·

306 2045 466 2106 dictorum
482 2041 636 2103 distincte
651 2046 686 2102 66
700 2046 811 2122 aperte
829 2041 1012 2102 scribuntur
1027 2042 1062 2101 in
1077 2041 1191 2103 cedula
1206 2040 1270 2103 hiis
1285 2049 1430 2105 consuta.

374 2135 437 2200 rto
452 2135 602 2200 schedula
617 2134 819 2218 containing
834 2134 885 2199 the
900 2135 1104 2219 confessione
1119 2135 1271 2201 remotas
1281 2136 1454 2215 ottactcd3

305 2232 375 2297 olco
391 2232 442 2296 the
450 2233 547 2316 fonn
562 2232 601 2315 of
613 2231 848 2313 depredation,
864 2253 902 2295 os
911 2231 1048 2316 follows
1059 2258 1109 2298 :-

372 2332 412 2392 In
443 2332 575 2391 nomine
605 2330 749 2408 Domini,
780 2331 894 2393 Amen.
949 2329 1031 2392 Oum
1061 2335 1100 2392 611
1122 2332 1160 2394 A.
1185 2331 1226 2393 de
1250 2330 1288 2394 B.
1312 2331 1454 2413 primam

305 2424 427 2488 habens
450 2429 617 2486 tonsuram
633 2421 767 2506 (nostrae
790 2425 883 2487 dioec.
900 2423 1040 2510 erased),
1056 2446 1113 2506 pro
1135 2430 1228 2488 tanta
1242 2429 1381 2509 pecunia
1396 2448 1456 2511 per

305 2527 339 2583 te
363 2521 484 2582 furtive
508 2521 672 2582 subtracta
687 2518 760 2604 (pro
784 2525 889 2582 morte
903 2518 1106 2606 intertineot)
1120 2522 1156 2581 in
1178 2522 1237 2583 tali
1259 2522 1330 2584 loco
1352 2523 1454 2588 fueris

306 2617 537 2700 deprehensus,
562 2621 597 2678 et
619 2617 660 2678 ob
683 2614 744 2677 hoc
766 2618 917 2678 carcerali
940 2617 1093 2678 custodiae
1119 2622 1276 2699 tanquam
1306 2619 1454 2699 clericus,

305 2714 519 2795 mancipatus
535 2717 570 2773 et
592 2726 699 2772 eoram
721 2712 815 2774 nobis
837 2713 879 2774 N.
903 2712 964 2773 Dei
985 2713 1091 2794 gracia
1105 2713 1200 2775 Ebor.
1216 2713 1455 2799 archiepiscopo

304 2811 428 2872 atain
453 2809 578 2890 judicio
600 2808 812 2889 personaliter
842 2809 1051 2884 constitutus,
1079 2829 1115 2869 ac
1146 2811 1322 2891 requisitus
1355 2833 1454 2895 super

305 2905 493 2987 hujusmodi
515 2903 603 2965 furto
626 2904 809 2980 commiss0,
834 2908 959 2985 sponte,
982 2903 1193 2985 judicialiter,
1216 2913 1251 2968 et
1282 2907 1322 2969 de
1353 2909 1455 2990 plano

306 3001 469 3062 confessus
492 3000 592 3061 fueris
615 3005 649 3060 te
673 2998 859 3082 hujusmodi
882 2999 1007 3061 furtum
1030 3002 1239 3065 commisisse.
1284 3004 1385 3067 Actu
1399 3005 1432 3066 N
1434 3049 1455 3082 .‚

306 3099 444 3180 primam
459 3094 581 3162 habens
597 3101 773 3173 tonsuram,
790 3117 896 3156 coram
911 3096 1004 3157 nobis
1020 3102 1083 3158 etc.
1095 3098 1258 3161 confessus
1273 3099 1374 3162 fueris
1389 3106 1453 3164 666.

306 3195 373 3257 Nos
389 3194 429 3260 N,
443 3190 702 3274 archiepiscopus
718 3193 901 3273 praedictus,
916 3192 1121 3254 advertentes
1145 3239 1154 3256 .
1178 3240 1187 3257 .
1210 3195 1454 3279 degradandum

303 3289 361 3375 (aa
380 3287 488 3365 above,
511 3309 542 3370 p.
560 3288 629 3373 85).
718 3289 762 3349 Et
782 3289 818 3349 in
834 3289 1063 3371 degradacione
1086 3290 1185 3353 debet
1207 3291 1345 3373 quilibet
1367 3313 1455 3355 com·

306 3406 417 3468 parere
444 3386 579 3446 indutus
601 3384 835 3466 superpelliceo
856 3386 892 3446 in
914 3385 1105 3446 occidentali
1128 3386 1211 3448 ostio
1241 3387 1396 3465 ecclesiae,
1419 3393 1454 3452 ct

307 3502 364 3565 per
386 3479 664 3560 archiepiscopum
684 3481 922 3561 pontificalibus
945 3477 1098 3543 indutum
1123 3484 1198 3544 exui
1222 3483 1454 3566 superpelliceo

307 3577 368 3639 sub
381 3575 443 3636 hiis
459 3576 576 3652 verbis,
586 3577 787 3640 Auctoritate
802 3583 865 3641 etc.
879 3579 963 3639 sicut
977 3578 1012 3638 in
1028 3578 1180 3640 decretali
1196 3577 1362 3641 Bonefacii
1372 3579 1453 3663 viij.¹

307 3674 352 3736 Et
365 3676 440 3754 post
455 3671 554 3734 debet
567 3673 636 3734 radi
652 3673 703 3734 vel
719 3675 847 3736 tonderi
862 3673 966 3756 capud
981 3674 1167 3755 cujuslibet.

374 3768 576 3832 Auctoritate
592 3768 654 3829 Dei
678 3814 687 3830 .
710 3815 720 3831 .
744 3771 894 3852 recepisti
910 3771 965 3853 (oo
981 3768 1090 3849 above,
1105 3792 1137 3852 p.
1154 3770 1223 3857 36).

375 3924 626 3992 Memorandum
652 3925 739 4006 quod
769 3926 931 3993 Walterus
961 3925 1001 3994 de
1033 3925 1190 4009 Kirkeby‚
1217 3926 1385 3990 Galfridus
1414 3927 1455 3991 de

363 4062 407 4131 (1)
427 4060 477 4114 See
490 4059 566 4112 Sexti
576 4058 766 4126 Decretalinm,
778 4057 823 4112 lib.
837 4077 874 4126 v.,
886 4059 930 4113 tit.
944 4059 991 4126 in,
1004 4078 1062 4132 cap,
1076 4060 1116 4128 il,
1128 4078 1157 4114 66
1169 4067 1197 4115 to
1209 4061 1256 4116 6116
1268 4060 1319 4115 full
1331 4061 1416 4116 1161161
1427 4060 1459 4116 of

309 4138 493 4211 degradation.
531 4136 580 4189 All
592 4135 685 4204 things
697 4136 758 4189 61166
776 4136 829 4189 bad
842 4136 909 4191 been
927 4138 1061 4193 delivered
1074 4148 1103 4192 to
1115 4155 1132 4192 6
1144 4138 1225 4208 clerk,
1237 4156 1268 4192 or
1280 4138 1351 4192 with
1362 4138 1455 4193 which

308 4221 343 4274 he
355 4218 409 4271 had
421 4216 488 4270 been
501 4215 633 4280 invested‚
645 4232 716 4268 were
728 4214 793 4268 then
805 4215 886 4269 taken
903 4215 972 4269 from
985 4217 1051 4284 him,
1064 4217 1117 4271 and
1128 4217 1172 4270 his
1183 4223 1294 4272 tonsure
1306 4234 1364 4271 was
1375 4217 1454 4272 made

308 4305 337 4352 to
356 4296 494 4364 disappear
512 4295 547 4364 by
561 4293 676 4363 shaving
694 4293 737 4346 his
755 4292 824 4352 head
848 4295 885 4347 all
909 4311 981 4350 over.
1017 4295 1075 4350 The
1094 4297 1147 4350 1666
1167 4297 1247 4368 thing
1267 4295 1406 4351 confer-red
1424 4301 1454 4350 66

309 4373 459 4429 ordination
469 4390 524 4425 was
536 4372 661 4425 removed
673 4371 740 4438 first,
753 4372 805 4426 and
817 4375 865 4427 the
877 4373 936 4427 first
947 4374 1008 4441 last,
1021 4375 1090 4428 with
1109 4376 1156 4430 the
1174 4376 1264 4430 words
1276 4373 1454 4444 Acamas,

306 4461 369 4520 666,
380 4468 411 4504 or
424 4466 495 4509 some
507 4450 610 4508 similar
621 4449 700 4504 form.
723 4446 880 4511 Decretalco.
892 4453 981 4523 Lugd.
995 4454 1074 4514 1684.
1086 4453 1124 4509 iii.
1136 4454 1199 4510 690.
