3074 5032
256 305 427 360 EX'PRAC'I'S
455 305 552 358 cnon
577 306 674 358 YORK
700 305 910 374 susurrum
938 309 1114 362 ROMANUS.

113 484 202 546 Item
223 478 374 543 dominus
396 476 526 537 monuit
548 475 729 557 capitulum
751 475 838 555 quod
854 476 916 539 sibi
939 477 1116 541 satisfaciat
1130 477 1171 540 de
1185 497 1259 559 pro-

26 628 31 636 .
111 578 281 640 curacione
303 573 335 634 ei
357 571 468 632 debita
490 571 618 632 racione
640 571 838 633 visitacionis
860 573 944 636 citra
966 574 1087 637 festum
1103 573 1259 637 Omnium

113 676 315 737 Sanctorum.
371 668 456 727 Item
496 667 647 728 dominus
685 669 913 747 pronunciavit
950 691 1062 733 omnes
1092 671 1259 732 canonicos

112 771 262 832 absentes
285 767 501 840 contumaces,
516 763 708 824 reservando
731 762 793 825 sibi
815 784 945 846 poenam
967 787 1025 847 pro
1048 786 1105 828 suo
1128 765 1260 827 arbitrio

113 864 333 949 infligendam.

178 1057 279 1119 Mem.
309 1051 395 1134 quod
425 1049 576 1112 dominus
606 1050 697 1112 dedit
727 1050 897 1114 licenciam
934 1055 1090 1137 magistro
1120 1052 1194 1116 Joh.
1218 1053 1258 1116 de
1285 1063 1341 1123 (69)

112 1155 233 1215 Euercs
255 1147 446 1212 immorandi
470 1145 578 1207 studio
600 1166 658 1227 per
680 1147 870 1227 triennium,
892 1150 1127 1213 dissimulando
1147 1157 1258 1212 tamen
1282 1125 1416 1241 ffijffiffi

111 1248 235 1313 Suthw.
252 1252 287 1309 et
301 1246 384 1327 Ryp.
401 1263 470 1305 can.
486 1242 528 1303 ix.
546 1242 620 1304 Kal.
636 1243 719 1325 Aug.
1283 1265 1399 1387 piem}

111 1435 338 1506 Oomma‘cse‘oa
361 1440 392 1496 to
415 1433 523 1514 Ropev
545 1431 682 1515 chya,
708 1433 827 1498 Cenon
848 1435 888 1518 of
905 1435 1035 1522 Ripae,
1058 1444 1090 1502 to
1113 1437 1220 1501 collect
1234 1459 1257 1501 a
1282 1451 1369 1514 (vos.)
1412 1427 1426 1441 ’

169 1531 293 1619 fourth
310 1535 394 1616 pert
416 1529 455 1612 of
475 1527 525 1592 ae
548 1527 683 1611 benefice
706 1550 744 1592 or
762 1529 911 1614 pretend
926 1532 966 1615 of
983 1533 1076 1598 Joas
1091 1534 1131 1597 de
1145 1535 1256 1598 Euros
1281 1523 1377 1618 ῗρἓῃ,

171 1632 233 1715 for
248 1623 510 1693 aorcrece‘deace.
558 1623 679 1710 Ttorp.
697 1629 716 1688 6
732 1625 811 1690 Kal.
827 1626 900 1690 Feb.
916 1629 1021 1693 Anao
1039 1635 1123 1694 lmo.
1281 1629 1383 1678 ΜΠ
1416 1675 1420 1686 .

109 1822 288 1888 Moaitrbn'
298 1826 330 1884 to
347 1817 489 1903 Otapter
504 1815 543 1901 os
554 1815 672 1902 Ripon
688 1823 720 1882 to
731 1838 805 1903 pay
820 1817 872 1882 tte
882 1819 1106 1904 precaretioc
1122 1821 1188 1885 due
1196 1819 1258 1905 sor
1274 1839 1366 1900 vves)

175 1919 227 1984 tte
242 1918 308 1983 last
322 1912 510 1980 ee'se'tctc'oa.

152 2111 350 2199 J(ohannes)
368 2111 591 2195 permissione,
607 2115 669 2174 etc.
700 2112 792 2174 [nter
807 2117 932 2192 caetera,
949 2118 1010 2176 etc.
1035 2114 1116 2178 Cum
1123 2114 1192 2199 jam
1208 2115 1256 2202 (f)
1282 2131 1308 2191 (1
1321 2133 1355 2193 υ.)

108 2214 242 2276 ecclesia
257 2216 366 2274 nostra
381 2207 454 2289 Rip'
468 2209 503 2268 in
519 2228 582 2289 qua
596 2208 728 2290 gloriosi
745 2209 934 2272 confessoris
947 2211 1087 2273 Wilfridi
1098 2221 1256 2275 veneratae
1282 2205 1336 2298 ᾖξ’.
1344 2195 1411 2300 {⁹5⁸⁸

108 2309 292 2371 conduntur
306 2305 450 2386 reliquiae
464 2304 649 2365 imminenti
668 2309 702 2365 et
717 2305 831 2367 vicinas
847 2314 1046 2388 supponatur
1055 2310 1167 2386 ruinae,
1184 2331 1255 2392 quae
1282 2335 1332 2380 1³...
1336 2338 1433 2395 fase...

108 2405 310 2487 reparacione
325 2403 451 2483 indiget
466 2400 502 2461 in
518 2404 680 2462 structura
695 2402 800 2482 operis
816 2405 1008 2484 sumptuosi,
1017 2405 1058 2466 ad
1073 2407 1157 2487 quod
1170 2407 1257 2489 ejus·
1280 2396 1376 2500 {iffi}

107 2503 183 2564 dem
198 2500 340 2563 ecclesiae
355 2518 421 2559 non
437 2500 617 2578 suppetunt
632 2491 815 2575 facultates,
824 2518 892 2575 nos,
903 2504 964 2560 etc.
975 2500 1015 2561 de
1031 2506 1137 2562 vestra
1151 2504 1257 2585 gracia
1304 2471 1336 2514 W
1375 2488 1382 2501 ’

108 2604 171 2660 etc.
187 2601 348 2680 quatenus
362 2614 438 2654 cum
452 2596 674 2674 procuratores
689 2591 741 2655 vel
756 2595 868 2655 nuncii
883 2594 1022 2675 praefatae
1037 2597 1179 2660 ecclesias
1195 2604 1256 2661 etc.

107 2694 263 2757 fabricam
285 2690 444 2773 praedictae
465 2687 607 2750 ecclesiae
630 2689 719 2771 larga
734 2694 795 2751 etc.
818 2689 859 2750 ad
882 2690 1035 2753 fabricam
1055 2691 1201 2775 ejusdem
1224 2695 1257 2756 xl
1335 2730 1346 2751 .

107 2792 236 2853 dierum
252 2785 476 2868 indulgencias
488 2805 516 2847 a.
533 2804 563 2846 v.
579 2804 612 2865 p.
627 2806 654 2846 c.
671 2805 704 2847 n.
720 2805 746 2846 r.
762 2785 797 2847 li.
813 2786 854 2847 ad
869 2787 902 2848 id
918 2807 987 2850 con.
1004 2794 1039 2849 et
1053 2789 1088 2849 in
1103 2812 1135 2872 p.
1146 2812 1216 2853 con.
1230 2813 1255 2854 r.

107 2885 140 2949 h.
156 2907 190 2968 p.
209 2883 238 2946 ds
260 2883 319 2946 ac.¹
365 2882 439 2942 Dat.
463 2880 547 2961 Ryp.
570 2900 611 2940 xv
634 2878 708 2943 Kal.
731 2881 856 2958 Marcii,
879 2882 974 2944 Anno
996 2885 1111 2967 graciae
1134 2887 1185 2948 Μ0
1207 2895 1257 2950 cc⁰

106 2981 304 3064 octagesimo
319 2982 442 3053 octavo,
458 2981 491 3038 et
506 2974 716 3056 pontificatus
732 2978 835 3039 nostri
850 2976 936 3060 iiij‘0.

151 3167 350 3257 J(ohannes)
380 3169 510 3251 primas,
541 3171 603 3230 etc.
649 3165 776 3231 Dilecto
805 3171 840 3232 in
872 3167 999 3234 Christo
1028 3172 1095 3234 filio
1125 3174 1255 3239 domino
1283 3197 1325 3255 (73
1336 3198 1371 3257 v.)

106 3271 234 3352 Rogero
247 3267 360 3349 Swayn
375 3285 445 3326 can.
461 3261 597 3345 Rypon',
609 3264 757 3342 salutem,
773 3266 924 3347 graciam,
934 3271 968 3328 et
983 3267 1254 3335 benediccionem.
1280 3269 1386 3362 &gp-90

106 3367 212 3441 Quam
228 3368 337 3426 sancte
347 3367 380 3424 et
392 3361 564 3423 salubriter
576 3356 645 3443 (pia
654 3367 783 3442 patrum
792 3362 1060 3444 praedecessorum
1072 3372 1255 3430 nostrorum
1281 3375 1336 3422 Feb·
1348 3350 1394 3422 lt·

106 3461 239 3525 devocio
261 3460 468 3539 antiquorum
491 3456 532 3517 ad
555 3457 668 3517 Divini
690 3457 798 3519 cultus
821 3465 1036 3541 augmentum
1052 3462 1255 3544 laboraverit,
1281 3458 1400 3506 Monition

105 3577 269 3642 quamque
284 3552 491 3617 laudabiliter
505 3553 540 3613 in
559 3553 678 3614 Divino
701 3554 854 3636 obsequio
869 3556 1005 3619 assiduis
1022 3562 1200 3640 providerit
1215 3563 1255 3625 de
1280 3522 1410 3624 iisldeiii.

106 3654 277 3729 ministris,
293 3651 351 3734 qui
365 3650 585 3732 competentia
599 3639 779 3731 perciperet
789 3651 951 3732 stipendia
962 3654 997 3714 in
1013 3654 1107 3717 domo
1123 3658 1256 3721 Domini

106 3751 224 3813 cotidie
240 3749 473 3822 ministrantes,
490 3746 609 3827 scripta
623 3747 768 3826 ipsorum
790 3747 904 3809 relicta
919 3753 1054 3830 posteris
1070 3754 1207 3815 edocent
1222 3759 1257 3816 et

107 3846 330 3910 scrutantibus
345 3841 566 3905 manifestant.
613 3842 671 3906 Set
693 3841 857 3906 modernis
873 3849 1073 3928 temporibus
1090 3850 1255 3929 effectum,

105 3941 203 4026 proch
231 3941 332 4018 dolor,
359 3939 454 4020 sopiri
480 3938 696 4019 conspicimus
722 3941 991 4004 consideracionis
1015 3945 1157 4026 antiquae
1183 3967 1256 4028 quae

107 4039 236 4101 realiter
251 4035 434 4099 continuari
450 4035 611 4116 disposuit
625 4034 692 4096 zelo
708 4035 769 4097 Dei
786 4038 988 4099 sanctissime
1003 4039 1160 4119 ordinata,
1176 4043 1256 4104 dum

161 4191 204 4259 (1)
223 4189 308 4243 From
325 4186 402 4241 other
419 4185 575 4240 documenta
594 4185 690 4240 Canon
708 4185 795 4239 Raine
813 4187 904 4240 makes
923 4193 971 4242 out
989 4189 1036 4243 the
1054 4192 1144 4246 words
1162 4199 1191 4247 to
1203 4193 1254 4250 be:

109 4267 312 4340 ‘Indulgentiae
330 4272 422 4320 autem
440 4264 632 4320 venerabilium
650 4271 759 4337 patrum
777 4267 994 4338 coepiscoporum
1006 4275 1156 4325 nostrorum
1170 4275 1256 4330 ratifi-

108 4365 205 4413 camus,
218 4347 314 4402 literas
333 4345 368 4398 ad
385 4343 412 4398 id
431 4361 567 4401 concessas
585 4344 628 4399 vel
640 4345 669 4400 in
687 4351 823 4409 posterum
840 4347 1031 4415 concedendas,
1043 4355 1116 4405 ratas
1128 4351 1257 4410 habentes

109 4422 397 4497 perstaretacceptas!
554 4432 558 4439 “
