3074 5032
647 331 853 389 MEMORIALS
879 336 923 389 OF
949 335 1068 389 RIPON.

285 505 483 568 confidentes
502 503 542 566 ad
557 504 827 587 cognoscendum,
842 505 1091 585 procedendum,
1108 504 1329 585 statuendum,
1345 505 1430 567 diffi-

285 601 453 677 niendum,
470 604 504 661 et
529 599 753 680 exequendum
777 599 812 659 in
827 619 928 665 causa¹
940 620 997 661 seu
1011 601 1146 682 negocio
1160 601 1200 663 de
1216 602 1334 682 quibus
1350 623 1431 683 prae·

108 709 220 756 Carene·
285 697 440 772 mittitur,
450 715 520 776 quae
536 695 588 755 vel
603 694 689 775 quod
704 695 842 755 vertitur
858 714 915 756 seu
930 695 1013 756 verti
1037 700 1183 776 speratur
1196 697 1282 759 inter
1304 697 1430 759 Amfre-

108 773 259 879 },ffl'md
283 791 363 852 dum
377 795 493 852 natum
502 789 657 872 Palialogi
667 786 838 866 Zachariae,
850 791 1040 851 canonicum
1051 791 1145 851 dictae
1161 791 1302 853 ecclesiae
1314 798 1430 855 nostrae

108 885 253 990 fffissslssssh
284 885 419 968 Rypon‘,
443 890 560 946 nostrae
583 885 728 946 dioecesis
751 884 923 965 praedictae,
949 891 1101 962 actorem,
1124 906 1163 947 ex
1187 892 1278 967 parte
1302 908 1379 966 nna,
1395 893 1430 950 et

132 958 232 990 erman.
283 979 464 1045 Johannem
485 980 516 1041 le
540 979 656 1057 Smalc,
680 980 775 1041 dictae
799 979 978 1060 praebendae
998 981 1194 1061 possessioni
1215 988 1255 1043 ut
1275 986 1432 1046 asseritur

281 1077 537 1153 incumbentem,
567 1096 670 1152 reum,
700 1095 740 1136 ex
761 1074 872 1153 altera,
904 1075 1084 1137 secundum
1118 1076 1196 1155 vim,
1226 1075 1372 1156 formam,
1395 1084 1430 1141 et

282 1171 437 1234 effectum
462 1171 629 1233 literarum
655 1170 901 1252 apostolicarum
917 1172 1082 1256 nobisaut
1097 1172 1193 1234 dictis
1208 1174 1341 1258 collegis
1356 1196 1431 1237 nos·

281 1269 341 1330 tris
356 1268 391 1329 in
406 1266 467 1329 hac
482 1271 573 1348 parte
588 1267 735 1342 directae,
750 1267 839 1328 vobis
856 1268 940 1329 vices
955 1271 1079 1329 nostras
1102 1269 1338 1331 committimus
1353 1292 1427 1331 cum

282 1361 478 1425 cohercionis
508 1362 668 1423 canonicae
697 1365 868 1442 potestate.
923 1362 1048 1424 Valete.
1109 1362 1183 1424 Dat.
1211 1365 1297 1444 apud
1320 1366 1429 1427 West-

281 1458 524 1536 monasterium,
548 1456 590 1539 vij
616 1457 666 1518 Id.
689 1458 841 1540 Augusti,
867 1458 961 1520 Anno
985 1458 1099 1540 graciae
1134 1458 1311 1521 Millesimo
1341 1467 1430 1522 ccc¹¹¹⁰

282 1554 435 1616 vicesimo
450 1554 576 1635 quinto,
607 1557 641 1614 et
655 1556 746 1633 pont.
763 1553 865 1614 nostri
881 1552 962 1635 viij0.

110 1706 167 1764 (567
177 1704 212 1762 v.)
349 1682 544 1759 Willelmus,
559 1685 632 1758 etc,
649 1680 774 1743 dilectis
798 1680 874 1743 filiis
901 1682 1031 1743 domino
1051 1681 1073 1743 J
1074 1681 1194 1745 ohanni
1212 1683 1427 1762 Mauleuerer,

107 1764 259 1870 {liiii-⁶⁴
282 1778 392 1854 militi,
408 1777 562 1860 magistro
588 1777 729 1838 Roberto
753 1778 793 1838 de
819 1776 1038 1860 Bridlington,
1062 1772 1220 1840 terrarum
1245 1785 1429 1842 nostrarum

110 1905 240 1951 ammisso
283 1873 468 1949 senesca110,
484 1872 627 1934 Adaedc
651 1872 831 1953 Hoperton,
846 1876 881 1933 et
904 1869 1036 1934 Thomae
1063 1873 1104 1934 de
1130 1873 1285 1950 Fencote,
1303 1875 1429 1938 valccto

52 2014 59 2022 .
107 1964 258 2067 mm
282 1974 402 2047 nostro,
419 1969 567 2048 salutem,
584 1968 736 2050 graciam,
752 1972 786 2028 ct
809 1967 1083 2030 benediccionem.
1128 1968 1177 2030 De
1193 1970 1308 2031 vestris
1324 1970 1428 2032 fideli-

107 2081 252 2126 ouaerinter
283 2069 352 2126 tate
383 2068 418 2125 ct
448 2063 609 2124 industria
646 2062 775 2144 plenius
805 2062 1002 2124 confidentes
1031 2063 1072 2124 ad
1101 2064 1314 2126 amicabiliter
1343 2070 1428 2127 trac·

107 2140 224 2242 ww
283 2160 420 2220 tandum
456 2159 542 2219 inter
571 2178 628 2219 nos
667 2178 706 2219 ex
742 2162 834 2239 parte
871 2178 937 2220 una
974 2179 1010 2219 ac
1047 2160 1315 2223 communitatem
1345 2162 1430 2224 villae

104 2255 259 2372 mma
283 2260 400 2317 nostrae
423 2253 548 2335 Rypon’
563 2258 606 2318 et.
619 2274 826 2336 quoscunque
851 2253 998 2336 ejusdcm
1022 2274 1061 2317 ex
1083 2255 1158 2333 alia,
1175 2276 1271 2337 super
1293 2258 1430 2339 quibus-

162 2347 169 2368 ,

107 2374 241 2418 ..aarum
283 2369 410 2431 cunque
432 2348 747 2431 transgressionibus,
763 2349 903 2432 injuriis
918 2350 1073 2428 articulis,
1089 2355 1123 2412 et
1145 2352 1285 2433 querelis
1312 2353 1353 2415 ad
1377 2355 1431 2415 in-

283 2447 438 2535 stanciam
465 2448 498 2507 et
512 2443 771 2526 prosecucionem
793 2448 937 2506 nostram
959 2466 1066 2507 coram
1084 2445 1274 2527 justiciariis
1297 2450 1431 2530 quibus-

107 2431 209 2549 a

282 2562 411 2624 cunque
426 2543 461 2604 in
476 2541 621 2622 partibus
647 2541 713 2602 illis
728 2542 958 2622 pendentibus,
974 2562 1030 2604 sen
1052 2563 1124 2624 quae
1139 2544 1265 2606 noviter
1289 2547 1429 2626 pendere

40 2637 42 2639 ¹
108 2661 205 2708 Certain
283 2643 452 2719 sperantur
474 2639 510 2699 in
532 2637 690 2714 futurum,
706 2641 741 2698 et
762 2638 940 2718 praescrtim
964 2658 1119 2719 supereo
1142 2640 1373 2721 quodquidam
1389 2643 1429 2704 de

109 2734 204 2778 persons
283 2735 370 2796 dicta
398 2734 632 2796 communitate
659 2733 760 2794 molas
783 2733 949 2795 manuales
975 2754 1032 2795 seu
1055 2735 1242 2796 molendina
1265 2738 1429 2799 manualia
1452 2800 1453 2805 ,

109 2779 249 2883 liliiiii
283 2830 319 2891 in
349 2830 436 2890 dicta
468 2829 545 2890 villa
575 2827 699 2911 Rypon’
728 2834 978 2891 construxerunt
1010 2833 1045 2890 et
1070 2829 1230 2906 levarunt,
1259 2831 1429 2914 indiesque

108 2895 259 3008 ffifissdou,
282 2925 488 2988 constituunt
511 2945 567 2987 seu
593 2924 712 2999 levant,
735 2928 770 2986 et
795 2924 915 2987 molere
936 2924 1061 2986 faciunt
1083 2925 1118 2985 in
1148 2925 1269 2987 eisdem
1292 2946 1429 3009 granum

109 3013 199 3130 {gfff
283 3021 368 3102 quod
383 3020 423 3083 ad
446 3024 555 3082 nostra
569 3020 754 3082 molendina
775 3020 853 3082 moli
868 3020 1011 3097 deberet,
1026 3019 1061 3081 in
1084 3039 1180 3102 grave
1203 3020 1427 3103 praejudicium

282 3117 441 3180 libertatis
456 3121 572 3178 nostrae
587 3136 624 3177 ac
639 3117 740 3177 nostri
750 3116 928 3197 dampnum
943 3136 1008 3177 non
1020 3116 1184 3177 modicum
1193 3120 1228 3178 et
1242 3137 1427 3199 gravamen,
1509 3111 1517 3120 ¹

283 3214 507 3295 dictorumque
529 3212 788 3274 molendinorum
813 3215 996 3273 nostrorum
1024 3216 1119 3273 sectae
1144 3212 1263 3275 debitae
1287 3214 1431 3276 subtrac-

283 3311 419 3387 cionem,
435 3314 470 3370 et
494 3328 569 3368 curn
592 3308 687 3369 dictis
702 3307 902 3369 comunitate
925 3311 961 3368 et
984 3307 1121 3390 singulis
1137 3308 1311 3370 eorundem
1335 3330 1431 3391 super

283 3405 433 3466 omnibus
448 3409 483 3464 et
499 3403 636 3484 singulis
651 3403 825 3483 praemissis
840 3423 875 3463 ac
899 3403 1006 3463 omnia
1022 3406 1056 3463 et
1079 3403 1207 3484 singula
1230 3406 1433 3467 concorditer

229 3528 232 3536 ·
283 3498 452 3561 decidendi
469 3501 503 3559 et
518 3497 697 3559 diffiniendi
719 3517 757 3559 ac
772 3496 912 3559 faciendi
929 3504 963 3560 et
986 3498 1181 3579 expediendi
1206 3519 1277 3580 quae
1292 3501 1327 3560 in
1348 3520 1430 3582 prae·

283 3596 391 3656 missis
412 3593 535 3655 fuerint
560 3593 737 3654 necessaria
759 3592 810 3654 vel
834 3598 1004 3674 oportuna,
1019 3593 1109 3655 vobis
1134 3594 1220 3656 vices
1244 3600 1370 3657 nostras
1392 3617 1429 3658 ac

284 3691 413 3772 plenam
442 3691 640 3770 potestatem
669 3689 905 3751 committimus
935 3710 993 3771 per
1030 3694 1216 3771 praescntes,
1246 3691 1345 3754 donec
1376 3713 1429 3755 eas

283 3786 470 3847 duxerimus
484 3784 686 3845 revocandas
732 3783 824 3857 Quod
849 3786 957 3846 sinon
973 3805 1084 3847 omncs
1106 3805 1162 3847 vos
1184 3786 1340 3850 interesse
1354 3808 1430 3851 con-

282 3881 405 3966 tigerit,
421 3887 486 3942 tres
510 3882 568 3941 aut
594 3879 658 3941 duo
683 3883 827 3940 vestrum
854 3881 910 3960 qui
936 3885 1111 3961 praesentes
1135 3878 1268 3958 fuerint,
1291 3903 1429 3964 quorum

281 3979 436 4062 magister
461 3976 622 4038 Robertus
644 3974 685 4036 de
712 3975 920 4058 Bridlington
948 3976 993 4037 sit
1016 3996 1112 4054 unus,
1134 3996 1172 4037 ca
1197 3975 1429 4039 nichilominus

281 4079 440 4157 peragant
463 4079 498 4134 et
514 4072 618 4134 eciam
634 4074 846 4152 exequantur,
861 4075 970 4131 ratum
983 4074 1017 4132 ct
1032 4076 1163 4154 gratum
1178 4069 1322 4133 habituri
1338 4074 1430 4154 quic·

281 4171 360 4251 quid
387 4190 442 4232 vos
465 4189 576 4231 omnes
594 4173 661 4229 tres
684 4172 743 4229 ant
765 4168 830 4228 duo
853 4172 1009 4244 vestrum,
1025 4187 1163 4248 quorum
1185 4167 1268 4229 alter
1292 4169 1335 4231 sit
1361 4189 1430 4230 ma-

280 4267 383 4348 gister
402 4266 564 4327 Robertus
585 4265 770 4345 praedictus,
791 4261 933 4324 feceritis
957 4283 1014 4324 seu
1035 4261 1172 4324 fecerint
1195 4264 1228 4324 in
1245 4265 1429 4344 praemissis.

281 4360 354 4421 Dat.
370 4363 405 4421 in
420 4359 563 4441 hospicio
577 4364 687 4421 nostro
699 4358 793 4439 juxta
807 4359 943 4420 Westm.
957 4356 992 4440 iij
1010 4358 1088 4419 Idus
1100 4358 1195 4421 Febr.
1205 4360 1299 4422 Anno
1314 4361 1429 4442 graciae

280 4455 453 4517 millesimo
468 4461 555 4516 cccm⁰
570 4455 722 4516 vicesimo
737 4454 863 4534 quinto,
875 4458 909 4514 et
923 4457 1014 4535 pont.
1030 4455 1132 4515 nostri
1147 4474 1241 4516 nono.
