3074 5032
205 329 208 332 ’
275 339 447 390 surricis
472 337 569 389 raon
597 336 691 388 roas
717 337 931 402 sssrsrsas3
957 339 1067 389 usur.
1351 311 1422 384 153

100 509 280 589 campanile
296 509 404 589 ipsum
426 506 604 588 principale
620 506 655 566 in
677 506 785 567 medio
800 507 901 587 ipsius
918 505 1063 568 ccclesiae
1078 506 1115 566 in
1128 523 1248 586 magna
1272 511 1363 556 central

100 605 276 667 altitudine
293 604 455 665 elevatum
475 609 509 664 et
532 607 766 680 constructum,
782 602 823 663 ad
846 603 1018 664 introitum
1035 599 1124 663 chori
1149 601 1249 662 situa-
1272 575 1348 686 {331³}
1356 570 1400 615 ¹¹⁸⁸

100 707 185 779 tum,
201 700 294 782 cujus
317 720 382 761 non
406 700 532 760 modica
554 699 662 780 porcio
684 718 790 780 nuper
804 698 844 759 ad
868 703 990 760 terram
1013 719 1117 780 usque
1142 697 1250 776 subito
1271 687 1352 733 fallen.

101 801 151 858 est
166 796 315 878 collapsa,
338 796 542 856 imminentis
568 799 602 855 et
628 795 782 855 instantis
809 796 912 856 ruinae
937 793 1127 856 horribilem
1150 794 1248 854 nimis

101 892 318 973 suspicionem
341 891 493 952 omnibus
515 891 623 971 ipsum
649 891 857 952 intuentibus
882 890 1102 953 infallibiliter
1125 895 1250 972 protes-

99 993 209 1064 tatur3
232 987 326 1068 cujus
349 987 482 1068 quidem
505 986 648 1047 ecclesiae
670 985 808 1064 fructus,
831 987 990 1065 redditus,
1014 993 1049 1049 et
1073 990 1249 1068 proventus
1272 1004 1397 1050 Thereve

101 1085 141 1146 ad
167 1086 270 1164 ipsam
296 1083 449 1143 fabricam
480 1083 684 1164 pertinentes
708 1087 778 1143 tam
809 1084 929 1144 modici
954 1087 989 1145 et
1014 1084 1126 1167 exigui
1153 1088 1188 1144 et
1213 1083 1248 1143 in
1272 1064 1416 1168 ffisscfflg

99 1184 230 1241 tantum
250 1177 313 1239 hiis
328 1179 443 1240 diebus
458 1179 625 1256 diminuti,
642 1183 676 1239 et
692 1199 710 1239 a
727 1179 821 1241 solito
837 1180 943 1241 valore
959 1179 1077 1262 dilapsi
1092 1181 1248 1256 existunt,
1271 1179 1315 1283 g0t
1329 1184 1422 1284 {11011311

99 1277 271 1357 ipsumque
295 1296 374 1356 opus
402 1286 469 1336 tarn
496 1295 653 1357 magnum
679 1281 713 1336 et
738 1282 975 1357 sumptuosum,
998 1281 1130 1358 tamque
1155 1296 1250 1356 supra
1272 1243 1367 1345 edelr&

99 1373 184 1433 vires
201 1376 251 1432 est
275 1369 456 1448 hominum,
473 1372 558 1453 quod
574 1371 694 1452 absque
710 1392 856 1433 carorum
873 1371 1158 1436 Christi-fidelium
1175 1372 1250 1433 sub·
1272 1359 1345 1404 work.

99 1467 311 1529 vencionibus
334 1467 397 1548 piis
414 1463 481 1551 (et)
497 1467 751 1528 elemosinarum
774 1468 1006 1550 largicionibus
1029 1469 1117 1530 dicta
1131 1467 1251 1529 fabrica

98 1564 220 1626 nedum
246 1563 365 1642 fulciri,
391 1565 567 1642 emendari,
598 1570 632 1626 et
658 1566 798 1647 reparari
828 1566 990 1647 nequibit,
1017 1586 1138 1647 ymmo,
1163 1563 1249 1645 quod

101 1680 293 1741 suppremus
311 1661 498 1722 Fabricator
513 1666 650 1737 avertat,
666 1681 793 1722 exnunc
809 1661 962 1743 deinceps
977 1662 1120 1738 ruinosa,
1136 1659 1248 1736 fracta,

99 1762 134 1818 et
164 1762 324 1838 quassata,
354 1757 569 1838 irreparabilis
607 1757 801 1832 remanebit,
840 1757 950 1837 sicque
988 1758 1100 1836 divino
1137 1757 1249 1818 orbata

100 1853 202 1913 officio
217 1853 383 1914 destructa
398 1854 490 1935 quasi
506 1858 540 1914 et
562 1873 619 1933 pro
634 1857 792 1934 perpetuo
804 1852 959 1929 desolata,
975 1852 1084 1934 aliqua
1099 1853 1140 1914 de
1155 1851 1248 1914 bonis

99 1969 118 2009 a
134 1949 202 2010 Deo
218 1950 279 2011 sibi
294 1949 419 2010 collatis
435 1954 527 2032 grata
542 1948 753 2024 contulerint,
768 1949 972 2025 donaverint,
985 1970 1041 2011 seu
1057 1948 1248 2032 legaverint,

99 2057 158 2106 aut
187 2046 250 2107 alio
287 2065 491 2127 quocumque
525 2044 621 2106 modo
650 2045 888 2127 assignaverint
920 2045 1063 2124 subsidia
1092 2045 1248 2120 caritatis,

99 2162 223 2203 necnon
241 2163 304 2224 quo
324 2142 403 2203 alios
427 2141 467 2203 ad
492 2145 562 2201 tam
586 2141 678 2221 pium
700 2160 779 2220 opus
802 2142 1021 2219 incitaverint,
1048 2140 1247 2216 induxerint,

98 2238 210 2299 induci
239 2238 406 2299 monerive
435 2237 583 2312 fecerint,
608 2237 711 2297 eciam
743 2237 868 2298 tociens
900 2238 1052 2318 quociens
1082 2236 1247 2318 praemissa
1270 2245 1383 2318 Wecffa
1396 2257 1422 2295 to

98 2333 235 2396 fecerint
262 2355 319 2396 seu
344 2333 467 2416 aliquid
498 2333 746 2414 praemissorum,
771 2338 905 2394 centum
935 2333 1004 2394 dies
1030 2331 1245 2416 indulgencia
1269 2308 1407 2411 ῗζζᾞῖῃ

98 2433 239 2513 graciose
255 2431 461 2493 concedimus
481 2450 539 2511 per
553 2434 740 2510 praesentes,
755 2429 795 2490 ad
812 2430 1032 2512 explecionem
1048 2436 1082 2492 et
1097 2449 1246 2491 consum·
1267 2424 1382 2529 (ἐὲζὲἔέοθ

98 2528 276 2591 macionem
298 2527 378 2588 dicti
394 2527 509 2608 operis,
524 2525 749 2606 reparacionis,
766 2531 799 2587 et
823 2524 1061 2588 emendacionis
1077 2525 1246 2588 efficaciter
1268 2543 1378 2646 {graues

98 2623 278 2685 duraturas.
1300 2616 1318 2661 y
1319 2617 1337 2648 ⁸·

164 2721 205 2781 In
231 2719 324 2802 cujus
352 2722 400 2782 rei
426 2719 663 2795 testimonium,
692 2723 753 2781 etc.
799 2719 874 2781 Dat.
902 2720 938 2781 in
964 2718 1109 2801 hospicio
1136 2723 1247 2781 nostro

97 2836 195 2897 prope
226 2817 566 2892 Westmonasterium,
603 2822 681 2875 xxm⁰
713 2815 766 2876 die
798 2815 958 2895 Octobris,
989 2817 1084 2878 Anno
1113 2815 1247 2877 Domini

97 2911 273 2974 Millesimo
288 2913 421 2990 cccclm0,
438 2918 472 2974 et
487 2917 604 2973 nostrae
620 2911 844 2973 translacionis
859 2918 891 2972 a⁰
907 2911 1016 2994 xxvj‘0.

163 3107 339 3186 Johannes,
355 3114 416 3170 etc.
440 3109 567 3171 dilectis
590 3108 625 3167 in
642 3106 770 3170 Christo
785 3107 872 3184 filiis,
896 3107 1061 3190 magistris
1081 3105 1247 3168 Willelmo
1271 3109 1342 3166 (149)

98 3206 218 3283 Feltcr,
241 3206 370 3282 decan0,
387 3206 516 3266 domino
532 3206 553 3268 J
554 3202 674 3265 ohanni
690 3202 932 3287 Bernyngham,
954 3202 1165 3279 thesaurario,
1181 3203 1247 3265 Ro-
1269 3180 1383 3275 sigim,

97 3302 190 3364 berto
213 3301 346 3378 Dobbis,
368 3301 572 3362 decretorum
596 3300 729 3378 doctori,
751 3300 869 3360 nostris
891 3300 927 3360 in
951 3299 1175 3380 spiritualibus
1199 3300 1247 3360 vi·
1270 3286 1326 3333 666·
1339 3289 1390 3386 66

97 3398 190 3459 cariis
224 3396 440 3479 generalibus
471 3395 613 3460 Johanni
645 3393 803 3473 Marchal,
834 3397 988 3456 canonico
1018 3395 1246 3458 residcnciario
1270 3370 1404 3491 αθέᾜζζξω

44 3525 56 3549 .
98 3494 240 3556 ecclcsiae
262 3500 379 3555 nostrae
395 3493 589 3556 cathedralis
605 3494 712 3572 Ebor.,
728 3494 749 3556 J
751 3491 871 3555 ohanni
886 3491 1041 3571 Lathum,
1056 3497 1090 3554 et
1105 3492 1126 3555 J
1128 3490 1247 3555 ohanni
1269 3491 1404 3596 gemme

99 3590 228 3668 Sendal,
267 3591 414 3667 salutem,
453 3592 605 3674 graciam,
645 3595 678 3652 et
723 3590 998 3653 benediccionem.
1066 3589 1093 3651 F
1094 3589 1247 3673 idedigna
1269 3551 1363 3654 rebeccam

97 3686 256 3748 relacione
293 3687 518 3768 plurimorum,
555 3687 756 3768 clamosaque
793 3685 871 3748 facti
909 3686 1142 3763 insinuacione,
1180 3707 1246 3748 non
1269 3667 1396 3786 ffqss’ff‘

96 3783 217 3864 absque
239 3803 357 3865 magna
378 3784 482 3844 cordis
510 3782 736 3857 amaritudine,
758 3782 799 3844 ad
814 3788 963 3844 nostrum
987 3802 1092 3864 nuper
1113 3782 1246 3843 devenit
1269 3788 1389 3844 reparata

97 3880 258 3955 auditum,
292 3879 377 3960 quod
409 3880 486 3941 licet
523 3878 657 3939 ecclesia
687 3882 796 3939 nostra
826 3878 996 3960 collegiata
1026 3877 1120 3938 Beati
1154 3877 1245 3938 Petri
1267 3843 1405 3963 mm

97 3975 323 4056 Apostolorum
346 3976 502 4057 principis
520 3973 647 4055 Ripon’,
670 3978 788 4035 nostrae
810 3973 968 4049 dioecesis,
990 3973 1026 4032 in
1049 3992 1112 4052 qua
1135 3971 1246 4034 Sancti
1268 3968 1362 4020 pectas.

96 4071 240 4131 Wilfridi
255 4070 444 4132 confessoris
458 4070 590 4152 gloriosi
606 4068 805 4130 venerabiles
828 4068 973 4149 reliquiae
988 4064 1060 4150 (cto.
1076 4085 1114 4128 as
1138 4064 1245 4144 above,

98 4187 134 4230 so
164 4166 228 4250 for·
258 4186 306 4244 os,
338 4170 394 4229 ‘in
424 4187 543 4250 magna
573 4165 636 4226 loci
667 4165 818 4247 angustia
848 4164 1002 4226 celebrari
1039 4163 1247 4240 coartantur,‘

97 4262 179 4326 otri
208 4262 329 4344 merely
358 4260 467 4325 embol
497 4257 705 4344 differes-ecs)
735 4260 770 4320 in
800 4259 926 4322 Divinae
955 4258 1151 4340 Majestatis,
1181 4259 1247 4321 dic-

98 4363 190 4443 tique
207 4361 400 4421 sanctissimi
417 4358 605 4421 confessoris
628 4356 793 4434 offensam,
809 4355 924 4418 Delfici
946 4355 1052 4417 cultus
1070 4353 1248 4418 detrimen-

98 4464 183 4534 tum,
213 4458 315 4538 ipsam
345 4476 473 4539 quoque
503 4455 743 4537 reparacionem
769 4451 872 4514 facere
904 4451 1098 4514 debeneium
1121 4457 1246 4514 certum
