3074 5032
222 360 395 411 EXTRACTS
421 361 441 409 F
444 361 518 411 ROM
546 360 640 410 YORK
667 360 875 422 REGISTERS3
903 358 1138 409 susurrium).
1379 336 1426 410 55

173 524 227 612 (2)
251 528 439 590 Reverendo
469 529 505 589 in
536 526 663 591 Christo
693 530 788 609 patri,
816 529 947 590 domino
979 527 1156 603 Willelm0,
1190 527 1252 587 Dei
1278 560 1422 606 Jacobusda

105 626 213 706 gracia
229 625 324 686 Ebor.
349 670 357 686 .
382 670 390 686 .
413 623 662 705 archiepiscopo,
677 624 804 707 Angliae
820 625 962 705 primati,
979 644 1056 684 suus
1071 621 1205 683 humilis
1223 626 1256 683 et
1278 619 1401 666 cimiterio

107 721 244 781 devotus
269 721 409 782 lacobus
435 721 475 782 de
500 721 677 797 Cimiterio‚
694 726 796 781 rector
820 719 961 780 ccclesiae
987 719 1097 781 Sancti
1122 717 1256 800 Georgii
1280 679 1412 795 lidgdwrhc
1486 758 1488 761 ·

107 817 216 892 Ebor,
232 824 264 877 ct
281 817 359 877 olim
376 821 483 877 custos
493 814 662 897 hospitalis
673 817 782 877 Beatae
791 816 904 877 Mariae
916 815 1118 898 Magdalenae
1130 813 1256 895 Ripon',
1280 798 1384 914 ffipg

108 912 259 989 salutern,
290 933 365 973 cum
395 912 589 974 omnimodis
620 913 818 988 obediencia,
843 913 1036 987 reverencia,
1062 917 1096 973 61
1126 909 1257 971 honore.
1282 916 1401 962 mandate.

110 1008 305 1070 Mandatum
321 1015 466 1079 vestrum
481 1010 693 1070 reverendum
709 1009 890 1089 recepimus
905 1009 941 1068 in
956 1006 1023 1069 haec
1041 1009 1145 1068 verba.

178 1151 187 1180 ‘
198 1145 392 1223 Willelmus,
403 1147 613 1226 permissione
624 1146 742 1206 Divina
754 1145 848 1206 Ebor.
858 1143 1125 1226 archiepiscopus,
1135 1144 1259 1226 Angliae
1284 1140 1372 1212 arch-¹

110 1243 241 1323 primaS,
265 1243 382 1303 dilecto
406 1245 441 1303 in
467 1240 593 1304 Christo
617 1242 685 1303 filio
714 1242 846 1302 domino
876 1241 996 1303 Jacobo
1026 1241 1066 1301 de
1094 1240 1260 1302 Cimiterio
1283 1200 1395 1303 iiiiii

109 1339 229 1399 rectori
245 1338 386 1400 ecclesiae
410 1339 522 1401 Sancti
546 1339 679 1420 Georgii
704 1337 799 1398 Ebor.
816 1342 850 1397 et
866 1337 943 1397 olim
958 1334 1127 1418 hospitalis
1150 1337 1259 1397 Beatae
1283 1318 1410 1421 {ffilffl'

110 1435 225 1495 Mariae
246 1435 450 1517 Magdalenae
477 1433 593 1514 Ripon'
608 1435 744 1511 custodi,
762 1433 913 1509 salutern,
936 1432 1087 1514 graciam,
1104 1437 1138 1492 61
1160 1432 1259 1493 bene·
1284 1437 1324 1480 the
1340 1433 1437 1504 stateo?

111 1532 303 1593 diceionem.
348 1531 389 1592 In
404 1532 526 1592 virtute
549 1530 743 1592 obedienciae
767 1529 829 1590 tibi
852 1528 1055 1610 injungimus
1079 1534 1113 1589 et
1128 1528 1261 1588 manda·
1284 1493 1434 1598 pperpfflpl

111 1648 196 1704 mus,
227 1633 376 1709 rogantes
407 1632 569 1708 quatenus
599 1627 633 1687 in
665 1646 727 1706 quo
759 1631 848 1686 statu
879 1623 1038 1705 hospitale
1068 1624 1260 1704 praedictum
1284 1612 1399 1716 &²2⁰ss

110 1723 252 1783 Patricio
268 1723 308 1783 de
331 1722 500 1784 Braferton
524 1722 697 1783 successori
720 1726 778 1782 tuo
793 1721 829 1780 in
853 1721 922 1800 ipso
938 1719 1116 1795 dimiseras,
1133 1723 1167 1778 et
1190 1738 1261 1798 quae
1285 1703 1413 1775 1111316.
1456 1711 1458 1714 ’

110 1818 196 1879 bona
212 1823 246 1879 61
261 1818 317 1879 ubi
333 1825 367 1879 61
389 1839 460 1899 quae
484 1827 518 1880 et
532 1823 611 1899 quot
638 1819 721 1878 bona
747 1816 971 1896 unusquisque
994 1821 1103 1875 custos
1126 1821 1200 1895 post
1224 1834 1257 1873 se

112 1915 281 1983 dimittere
306 1920 467 1991 teneatur,
494 1919 528 1975 61
559 1915 586 1975 si
610 1934 667 1995 per
696 1913 905 1973 indenturam
933 1910 1016 1971 bona
1046 1909 1152 1990 aliqua
1179 1908 1262 1969 inibi

112 2010 278 2085 dimisisti,
295 2013 329 2071 et
344 2030 427 2092 quae,
442 2010 535 2071 nobis
551 2010 699 2070 celeriter
710 2029 767 2090 per
782 2013 855 2068 tuas
867 2007 989 2082 literas,
1006 2025 1157 2067 unacum
1172 2006 1263 2087 copia

112 2106 296 2167 indenturae
311 2102 498 2187 hujusmodi
515 2107 540 2166 si
557 2126 655 2186 quarn
664 2102 794 2180 habeas,
804 2108 951 2164 constare
961 2101 1057 2163 facias
1073 2101 1263 2162 distinccius

113 2206 148 2262 et
163 2207 284 2282 aperte.
330 2200 455 2262 Valete.
501 2202 576 2262 Dat.
601 2201 687 2281 apud
714 2201 859 2281 Wylton,
876 2199 939 2280 xvij
959 2197 1065 2259 Kal’n.
1089 2197 1262 2259 Novembr.

113 2303 206 2378 pont.
221 2298 323 2358 nostri
338 2317 423 2358 anno
437 2297 561 2377 primo.’

181 2416 291 2499 Hujus
307 2419 408 2500 igitur
431 2418 625 2478 auctoritate
648 2417 792 2477 mandati
809 2421 923 2476 vestrae
947 2415 1095 2498 benignae
1120 2414 1263 2496 paterni·
1288 2446 1311 2492 J·
1324 2446 1352 2491 d,
1366 2445 1439 2492 cimi-

113 2515 178 2575 tati
192 2514 345 2592 notiffieo,
361 2514 445 2594 quod
461 2514 514 2575 die
531 2513 655 2574 sabbati
671 2533 758 2595 prox.
775 2518 848 2594 post
862 2511 984 2573 festum
1001 2512 1111 2573 Sancti
1126 2511 1263 2571 Dionisii
1288 2506 1347 2609 {2133
1358 2505 1406 2549 aad

114 2610 175 2672 ult.
202 2611 417 2690 praeteritum,
447 2610 582 2670 fuerunt
612 2610 757 2691 quinque
789 2608 840 2669 vel
872 2628 926 2669 sex
955 2609 1033 2669 anni
1063 2607 1176 2688 elapsi,
1207 2626 1264 2688 per
1289 2622 1421 2692 ejectenpy

115 2707 285 2768 dominum
310 2703 468 2766 Thomam
493 2706 655 2786 quondam
679 2706 773 2765 Ebor.
790 2702 1065 2785 archiepiscopum
1089 2703 1264 2784 praedeces·
1289 2681 1438 2798 ἓζξξξξὲξρ

116 2822 222 2863 sorem
239 2806 383 2863 vestrum
399 2802 438 2862 de
455 2803 541 2863 dicto
550 2800 703 2882 hospitali
721 2800 828 2861 subito
843 2799 891 2860 fui
905 2798 1049 2881 ejectus,¹
1068 2804 1102 2858 et
1117 2806 1264 2878 tempore

115 2897 309 2980 dejeccionis
324 2919 404 2959 meae
420 2899 454 2958 in
478 2898 565 2959 dicto
586 2896 738 2978 hospitali
755 2897 864 2957 dimisi
879 2901 984 2956 totam
1000 2899 1163 2955 vesturam
1179 2893 1265 2954 bladi
1289 2928 1341 2973 The
1351 2939 1416 2984 crops

116 2998 150 3056 et
164 2993 244 3054 foeni
260 2994 423 3075 integram
439 2994 478 3055 de
495 2994 599 3054 tribus
609 2993 764 3053 carucatis
774 2998 868 3052 terrae
879 2999 913 3052 et
922 2996 1087 3071 pratorum
1099 2990 1138 3049 ad
1154 2990 1264 3070 ipsum
1290 2987 1379 3090 &3⁰12ss

115 3086 277 3170 hospitale
302 3090 523 3169 spectancium
550 3090 585 3149 in
609 3096 788 3168 autumpno
809 3108 898 3168 prox.
915 3086 1116 3167 praecedente
1140 3084 1265 3144 dictum
1290 3060 1320 3090 ⁸⁰
1365 3059 1403 3104 ⁸5·

116 3184 239 3247 festum
255 3186 510 3266 provenientem,
527 3191 659 3265 excepto
684 3186 806 3244 semine
823 3183 909 3263 quod
933 3181 1128 3241 seminatum
1144 3178 1209 3239 fuit
1231 3180 1266 3239 in

117 3288 204 3343 terra
218 3282 299 3343 dicti
314 3280 481 3362 hospitalis
496 3282 716 3342 interdictum
725 3286 942 3360 autumpnum
956 3282 989 3338 et
1004 3277 1129 3337 dictum
1145 3276 1266 3337 festum

118 3378 229 3441 Sancti
259 3377 407 3459 Dionisii,
433 3382 467 3437 61
498 3378 641 3458 exceptis
668 3377 780 3437 decem
805 3375 976 3458 quarteriis
1001 3373 1088 3433 bladi
1113 3371 1191 3453 quae*
1212 3393 1267 3432 ex·

117 3473 251 3557 pendidi
276 3493 314 3534 eo
340 3476 485 3554 tempore
512 3473 552 3534 de
582 3474 669 3534 dicta
696 3479 826 3533 vestura
850 3473 885 3532 in
909 3469 1097 3530 necessariis
1127 3468 1208 3529 meis
1232 3473 1267 3529 et

118 3570 366 3633 liberacionibus
395 3570 620 3630 serviencium.
672 3569 789 3629 Dimisi
814 3570 915 3629 eciam
942 3567 1049 3628 omnia
1075 3565 1209 3627 aedificia
1232 3569 1267 3626 et
1291 3599 1419 3658 Buildings

118 3689 250 3731 nemora
265 3668 300 3728 in
321 3665 405 3728 bono
428 3672 518 3728 statu
538 3668 766 3748 inconsumpta
782 3671 816 3727 et
839 3666 921 3728 bene
945 3669 1102 3745 reparata.
1149 3663 1267 3723 Dimisi
1291 3660 1433 3706 andwoods.

120 3766 252 3847 insuper
267 3785 306 3826 eo
320 3769 467 3844 tempore
482 3784 546 3844 quo
563 3764 607 3824 sic
630 3763 678 3824 fui
694 3762 829 3845 ejectus,
845 3765 880 3823 in
903 3763 990 3822 dicto
1012 3759 1176 3842 hospitali,
1192 3759 1264 3840 xxvj

47 3886 49 3890 ·
120 3861 216 3923 boves
243 3861 343 3922 bonos
370 3880 427 3940 pro
452 3881 575 3936 caruca,
606 3860 705 3940 precii
732 3859 907 3941 cujuslibet
933 3857 1025 3939 xvjs,
1049 3862 1083 3917 et
1107 3855 1266 3916 sexdecim
1291 3883 1378 3929 cml„

121 3978 228 4019 vaccas
245 3976 320 4018 cum
334 3971 402 4017 uno
422 3953 548 4032 thauro,
564 3956 664 4036 precii
687 3954 862 4036 cujuslibet
884 3955 954 4029 ixs,
971 3958 1005 4014 61
1027 3952 1070 4033 vij
1090 3950 1209 4012 vitulos
1232 3954 1265 4009 et

121 4054 154 4136 iij
172 4052 338 4116 boviculos
362 4052 500 4113 duorum
523 4071 690 4127 annorum,
707 4049 729 4133 ij
750 4051 903 4132 jumenta
927 4051 1021 4124 bona,
1036 4048 1137 4130 precii
1159 4045 1267 4128 cujus-

122 4150 202 4212 libet
213 4147 307 4231 xvjs,
320 4153 355 4208 et
366 4148 510 4228 quinque
520 4148 654 4228 pultros,
665 4148 817 4209 videlicet
824 4147 977 4226 jumenta
987 4146 1088 4205 trium
1097 4163 1267 4221 annorum,

122 4248 220 4329 precii
236 4245 413 4327 cujuslibet
428 4243 487 4326 vjs.
503 4243 605 4326 viijd.‚
621 4250 655 4305 61
680 4245 821 4327 triginta
836 4251 901 4304 tres
924 4262 1034 4323 porcos
1057 4261 1132 4302 cum
1156 4241 1268 4302 suibus
1294 4273 1380 4319 swina.

123 4349 156 4405 61
179 4342 267 4424 apris
295 4342 351 4402 sed
375 4340 468 4422 cujus
492 4341 592 4421 precii
623 4340 747 4402 fuerint
769 4339 890 4416 nescio,
913 4339 990 4420 quia
1013 4336 1112 4418 aliqui
1136 4336 1270 4399 fuerunt

177 4461 219 4530 (1)
240 4458 328 4512 There
340 4476 424 4511 seems
436 4464 464 4511 to
477 4456 510 4512 be
523 4457 639 4527 nothing
652 4457 735 4512 about
747 4456 803 4510 this
816 4455 843 4508 in
857 4455 1026 4526 Oorbridge's
1039 4453 1171 4524 Register.
