3074 5032
58 298 104 369 82

56 495 126 540 Form
133 493 160 538 of
165 508 206 540 ex-

58 567 178 598 communi

56 613 140 658 cation.

590 315 797 368 MEMORIALS
822 317 867 368 OF
892 317 1011 371 RIPON.

298 485 348 546 Ex
363 484 555 546 auctoritate
570 484 631 544 Dei
647 484 753 546 Patris
770 483 1023 565 Omnipotentis,
1039 488 1074 546 et
1088 485 1176 563 Filii,
1189 490 1224 548 et
1239 486 1381 568 Spiritus

232 580 354 657 Sancti,
359 599 484 641 necnon
495 582 528 640 et
538 578 664 640 Sanctae
674 579 736 640 Dei
744 581 919 661 genetricis
930 580 1052 658 Mariae,
1063 585 1097 642 et
1106 581 1200 642 Beati
1208 581 1381 644 Michaelis

231 674 424 758 Archangeli
434 679 468 736 et
477 675 622 747 omnium
632 674 811 748 caelestium
819 675 1001 754 Virtutum,
1012 681 1110 757 atque
1120 675 1381 739 Patriarcharum

233 777 267 834 et
281 768 527 853 Prophetarum,
543 774 578 831 et
594 769 704 831 Sancti
727 769 748 831 J
749 767 887 831 ohannis
907 771 1075 852 Baptistae,
1092 770 1266 854 sanctique
1289 773 1381 834 Petri

232 872 266 930 et
281 867 375 928 Pauli
395 871 494 948 atque
516 865 663 927 omnium
678 864 916 946 Apostolorum,
936 871 970 928 et
991 865 1101 928 Sancti
1123 865 1280 948 Stephani
1301 869 1380 930 Pro·

231 962 430 1025 thomartin's
446 966 480 1024 et
495 962 640 1022 omnium
655 960 839 1037 Martirum,
856 964 890 1022 et
905 960 1017 1022 Sancti
1028 959 1170 1023 Wilfn'di
1185 967 1219 1024 et
1233 964 1381 1026 omnium

201 1137 203 1141 Ι
233 1058 457 1122 confessorum
482 1061 580 1138 atque
606 1056 791 1138 Virginum,
817 1055 978 1140 simulque
1005 1058 1152 1119 omnium
1177 1056 1380 1136 Sanctorum,

60 3267 152 3327 Rypon.

61 3351 205 3407 lndulgcnce

58 3411 94 3454 for
105 3410 146 3453 the
156 3422 210 3454 new

59 3468 123 3511 work
134 3468 160 3511 of

59 3526 137 3582 Ripon

60 3584 169 3630 Minster.

232 1154 556 1229 excommunicamus,
572 1153 795 1232 dampnamus,
810 1148 1132 1231 anathematizamus,
1147 1157 1246 1235 atque
1260 1145 1280 1215 a
1294 1153 1381 1215 limi·
1454 1156 1456 1163 ’

232 1251 328 1312 nibus
353 1253 470 1309 sanctae
492 1248 604 1308 matris
628 1246 770 1307 ecclesiae
796 1251 1035 1327 sequestramus
1057 1247 1130 1308 illos
1152 1246 1301 1310 homines
1323 1251 1381 1330 qui

232 1344 403 1420 maliciose,
413 1342 496 1404 clam
505 1342 558 1404 vel
572 1342 690 1422 palam,
701 1340 887 1402 lihe1tatem
899 1341 995 1404 Beati
1005 1341 1148 1404 Wilfridi
1158 1344 1303 1425 Riponae,
1314 1346 1381 1407 sive

231 1438 316 1500 infra
330 1440 441 1501 villam
462 1439 566 1519 ipsam
590 1437 656 1498 sive
680 1440 780 1515 extra,
795 1437 831 1497 in
846 1436 944 1514 villis,
961 1438 1101 1516 vivariis,
1118 1440 1184 1501 sive
1201 1440 1315 1521 parcis,
1330 1441 1383 1502 vel

231 1536 308 1597 locis
334 1535 405 1596 aliis
435 1533 682 1615 quibuscunque
707 1532 929 1613 spectantibus
959 1533 1000 1596 ad
1031 1534 1169 1596 eandem
1195 1534 1383 1597 libertatem

233 1631 423 1693 violaverint
440 1649 497 1691 seu
512 1628 679 1714 fregerint.
726 1626 801 1690 Sint
822 1626 990 1690 maledicti
1012 1629 1151 1691 interius
1174 1633 1209 1692 et
1231 1631 1383 1708 exterius,

236 1726 403 1788 maledicti
418 1727 454 1786 in
469 1726 532 1803 via,
548 1725 713 1786 maledieti
732 1725 765 1784 in
790 1744 877 1808 agre,
892 1725 1058 1787 maledicti
1072 1726 1107 1787 111
1124 1726 1267 1804 civitate,
1281 1726 1382 1788 male-

232 1824 313 1885 dicti
342 1823 378 1883 in
409 1823 503 1884 domo
535 1825 569 1884 et
599 1827 689 1882 extra
720 1821 865 1899 domum,
894 1820 1060 1882 maledicti
1093 1821 1314 1904 ingredientes
1347 1828 1381 1884 et

233 1918 448 2002 egredientes,
471 1916 635 1978 maledieti
657 1916 881 1977 manducando
904 1921 937 1976 et
960 1915 1112 1992 bibendo,
1127 1916 1291 1978 maledicti
1309 1917 1381 1978 dor-

232 2013 363 2074 miendo
384 2016 418 2073 et
436 2010 611 2093 vigilando,
635 2011 748 2071 stando
771 2015 868 2090 atque
893 2009 1044 2086 sedend0,
1062 2011 1226 2072 maledicti
1249 2013 1380 2072 omnino

232 2111 266 2168 in
282 2106 431 2169 omnibus
447 2106 535 2167 locis.
581 2104 759 2165 Deleantur
774 2105 814 2164 de
829 2103 911 2164 libro
926 2104 1120 2182 vivencium,
1137 2109 1259 2166 etcum
1279 2103 1379 2186 justis

232 2222 297 2263 11011
314 2201 505 2262 scribant-ur.
552 2197 603 2261 Sit
617 2218 690 2279 pars
706 2201 803 2277 atque
820 2198 955 2259 societas
966 2197 1095 2259 illorum
1111 2219 1186 2260 cum
1201 2198 1330 2261 Dathan
1346 2205 1381 2262 et

231 2297 363 2373 Abiron,
379 2315 454 2357 cnm
470 2295 491 2357 J
492 2292 557 2355 uda
571 2297 669 2374 atque
683 2291 802 2369 Pilato,
819 2313 893 2354 cum
913 2292 1043 2356 Simone
1066 2299 1100 2355 et
1122 2295 1261 2357 Nerone.
1306 2297 1382 2359 Fiat

232 2391 394 2454 habitacio
409 2411 521 2452 eorum
536 2390 677 2466 deserta,
693 2393 727 2450 et
742 2408 808 2450 non
825 2389 868 2451 sit
877 2389 933 2471 qui
945 2387 1109 2452 inhabitat
1119 2390 1155 2451 in
1165 2391 1381 2454 tahemaculis

232 2508 353 2550 eorum.
402 2485 698 2548 Excommunicatis
723 2490 758 2548 et
781 2506 837 2547 vos
849 2508 859 2561 3
881 2486 1216 2548 Excommunicamus
1260 2488 1382 2569 Damp-

236 2588 452 2662 natisetvos3
474 2587 707 2667 Dampnamus.
744 2584 1034 2647 Anathematizatis
1046 2590 1081 2647 et
1089 2607 1164 2662 vos3
1186 2586 1382 2650 Anathema-

232 2685 379 2762 tiramus.
424 2682 704 2743 Excommunicati
725 2686 760 2743 et
778 2682 945 2763 dampnati
966 2687 1187 2762 permaneant.
1232 2685 1277 2745 Et
1297 2685 1382 2745 sicut

233 2778 471 2860 extinguuntur
485 2778 557 2839 istac
571 2777 721 2854 lucemae,
737 2778 785 2839 ita
798 2775 928 2858 jaceant
948 2777 1065 2838 animae
1081 2796 1191 2839 eorum
1206 2779 1240 2839 in
1256 2777 1382 2840 inferno

234 2873 384 2934 extinctae
407 2893 482 2934 cum
505 2872 639 2934 Diabolo
662 2877 696 2934 et
715 2873 840 2955 angelis
863 2871 944 2954 ejus,
965 2872 1030 2940 nisi
1053 2874 1252 2955 resipiscant,
1278 2879 1312 2935 et
1341 2874 1382 2935 ad

234 2969 497 3032 emendacionem
511 2987 686 3051 congruam
700 2969 900 3050 perveniant.
945 2968 1031 3048 Fiat,
1046 2969 1113 3047 fiat,
1129 2970 1196 3048 fiat,
1211 2970 1337 3032 Amen.¹

712 3141 903 3195 1111101101.

302 3255 493 3337 Injunctum
516 3259 566 3316 est
589 3255 683 3316 nohis
708 3255 895 3336 presbiteris
921 3256 956 3316 in
979 3256 1101 3317 virtute
1126 3256 1321 3319 obedienciae
1344 3262 1382 3319 ut

235 3349 445 3433 injungamus
476 3347 678 3431 parochianis
708 3351 826 3411 nostris
856 3351 891 3411 in
922 3350 1143 3412 remissionem
1180 3357 1383 3434 peccatorum

237 3466 377 3521 suorum,
394 3449 432 3507 ut
455 3446 519 3506 sint
542 3443 744 3526 coadjutores
766 3449 801 3505 et
822 3445 1043 3508 benefactores
1065 3448 1141 3509 novi
1161 3449 1265 3528 operis
1288 3449 1383 3509 Beati

235 3539 378 3602 Wilfn‘di
407 3538 532 3621 Rypon'
555 3540 718 3620 quondam
740 3537 971 3622 archiepiscopi
996 3540 1102 3617 Ebor,
1128 3541 1186 3604 ubi
1210 3542 1298 3605 Deus
1325 3564 1383 3625 pro

235 3656 343 3699 amore
358 3636 460 3717 ipsius
475 3635 589 3696 multis
605 3634 742 3696 infirmis
759 3636 933 3696 sanitatem
955 3640 1105 3718 praestare
1120 3657 1187 3698 non
1202 3639 1332 3717 desinit,
1348 3645 1383 3701 et

235 3732 275 3794 ad
291 3730 605 3793 consummacionem
620 3730 710 3791 illius
729 3731 833 3811 operis
848 3751 914 3793 11011
931 3737 1109 3814 suppetunt
1127 3732 1299 3797 facultates
1318 3737 1383 3799 nisi

290 3866 333 3936 (1)
353 3865 409 3918 For
426 3865 504 3917 other
521 3863 604 3917 forms
622 3863 654 3917 of
669 3862 785 3932 cursing.
803 3863 856 3916 and
876 3863 936 3917 lists
953 3864 984 3917 of
1000 3865 1121 3935 offences,
1141 3883 1184 3919 see
1201 3867 1334 3935 Murteae,
1351 3871 1383 3922 de

235 3948 302 4000 Act.
322 3946 393 3999 Eccl.
412 3945 480 4011 Rs,
496 3942 543 3997 lib.
564 3942 602 3995 iii.
622 3959 678 4013 cap.
695 3942 747 4009 iv.;
778 3942 850 3995 York
868 3943 993 4010 Maneat,
1013 3944 1072 4012 119,
1089 3946 1148 4012 86⁴,
1169 3946 1243 4015 xvi.;
1267 3948 1382 4016 Rapiatr.

235 4025 368 4078 Aberdon.
384 4023 527 4094 (Spalding
540 4021 632 4091 Glub),
643 4021 672 4076 ii.
685 4022 729 4087 31,
742 4022 793 4087 363
813 4021 867 4075 and
885 4038 920 4074 on
938 4021 986 4074 the
999 4021 1103 4094 subject
1120 4025 1265 4095 generally,
1277 4026 1383 4079 consult

235 4104 336 4158 indices
347 4111 376 4156 to
390 4102 549 4172 Lyndwood
560 4101 613 4154 and
626 4100 760 4154 additions
773 4100 800 4152 in
813 4100 854 4154 ed.
868 4098 900 4153 of
910 4101 988 4155 1679.
1025 4100 1083 4154 The
1095 4103 1184 4156 words
1195 4103 1384 4157 1110010101ιηί-

236 4184 301 4236 aab
320 4189 345 4234 et
366 4199 417 4248 cos,
437 4180 490 4233 and
511 4181 559 4232 the
580 4179 641 4246 like,
662 4196 760 4249 appear
783 4184 812 4232 to
834 4178 902 4232 have
921 4177 990 4232 been
1010 4179 1154 4234 sddressed
1170 4185 1200 4233 to
1222 4181 1269 4234 the
1286 4183 1385 4237 twelve

234 4261 331 4330 priests
342 4260 405 4312 who
416 4258 486 4311 with
497 4257 602 4326 lighted
619 4256 727 4310 candles
742 4256 820 4310 stood
838 4256 924 4310 round
936 4256 984 4310 the
1002 4256 1163 4329 archbishop
1183 4275 1213 4311 01
1229 4259 1271 4312 his
1282 4260 1384 4331 deputy

236 4355 266 4389 aa
278 4337 312 4389 he
324 4337 494 4408 proncunced
507 4337 554 4389 the
567 4335 834 4389 excommunication.
860 4335 937 4404 They
946 4334 1012 4388 took
1021 4341 1083 4407 part
1094 4335 1122 4389 in
1135 4336 1178 4390 his
1188 4343 1233 4391 act
1244 4337 1280 4409 by
1288 4338 1384 4410 saying

237 4415 311 4479 rrae,
324 4420 374 4466 etc.
388 4420 416 4466 at
430 4413 476 4465 the
489 4412 550 4478 end,
562 4413 620 4466 first
632 4414 801 4485 responding,
813 4414 1088 4482 Escommum'camus,
1100 4415 1294 4486 Dampnamus,
1307 4425 1358 4474 etc.
