3074 5032
271 355 442 407 nxralcrs
469 355 566 408 raon
592 355 688 406 roan
714 354 927 420 uucrsrnus3
954 355 1031 406 nnn.
1322 324 1397 410 '179

79 531 113 588 et
128 524 352 606 comperimus,
368 528 402 586 et
417 524 583 586 evidenter
597 524 690 586 nobis
712 527 848 602 constat,
864 524 997 587 domum
1013 524 1222 604 capitularem
1248 532 1298 578 The
1309 533 1380 592 char

79 621 219 684 ecclesiae
242 620 418 704 collegiatae
441 621 552 684 Sancti
567 620 709 683 Wilfridi
732 621 877 703 Riponiae
895 622 930 682 in
953 621 1140 703 parietibus,
1156 625 1224 682 tec·
1248 592 1393 709 &iffi

77 723 161 794 tura,
178 723 211 778 et
231 717 392 798 lapidibus
415 738 568 801 magnam
589 722 623 778 et
641 718 811 800 ingentem
828 718 898 799 pati
920 718 1059 794 ruinam,
1075 717 1122 778 ita
1137 716 1224 801 quod
1249 710 1400 815 ppaqeruinous

77 815 112 875 in
128 813 216 876 brevi
239 813 279 874 de
295 813 462 874 verisimili
484 815 610 875 ruitura
634 814 677 874 sit
698 813 762 874 nisi
785 813 891 875 eidem
910 813 1008 874 citius
1031 817 1224 887 occurratur,
1312 801 1319 814 ⁰

77 910 200 971 incuria
216 913 250 970 et
272 909 473 991 necligencia
494 911 720 971 canonicorum
743 910 837 971 dictae
853 909 995 970 ecclesiae
1017 909 1074 990 qui
1089 910 1225 970 eandem

77 1006 205 1067 reficere
222 1009 256 1066 et
270 1026 417 1086 reparare
439 1010 614 1082 tenentur;
637 1006 759 1067 Idcirco
774 1026 843 1083 nos,
860 1025 899 1066 ex
914 1006 1018 1066 causis
1040 1005 1224 1086 praemissis,

77 1122 189 1163 omnes
219 1106 254 1163 et
284 1103 428 1184 singulos
466 1102 600 1181 fructus
630 1103 786 1180 redditus,
817 1106 1003 1183 proventus,
1034 1101 1225 1177 oblaciones,

77 1198 229 1274 decimas,
244 1219 281 1259 ac
304 1197 523 1260 emolumenta
545 1219 616 1281 quae
634 1199 673 1260 ad
697 1199 915 1260 communiam
931 1200 997 1260 sive
1019 1216 1225 1259 communem

78 1313 224 1355 mensam
248 1295 472 1355 canonicorum
496 1295 590 1357 dictae
613 1295 754 1357 ecclesiae
778 1298 926 1377 spectant
941 1298 975 1356 et
997 1295 1176 1375 pertinent,
1191 1293 1226 1353 in

77 1389 142 1451 hiis
172 1390 298 1470 scriptis
337 1396 575 1472 sequestramus
608 1412 644 1452 ac
677 1395 877 1473 sequestrata
906 1389 973 1452 fore
1011 1389 1226 1465 decernimus,

78 1487 294 1566 discretosque
308 1487 389 1547 viros
405 1487 574 1548 dominum
585 1487 831 1549 Marmaducum
846 1486 997 1548 abbatem
1013 1487 1053 1548 de
1065 1484 1226 1546 Fontibus

79 1585 113 1642 et
143 1583 312 1643 dominum
342 1581 575 1644 Christoferum
606 1583 702 1660 Seall,
729 1583 824 1644 dictae
855 1582 996 1644 ecclesiae
1026 1581 1227 1658 canonicum,

78 1675 266 1759 hujusmodi
296 1679 398 1739 nostri
428 1680 586 1760 sequestri
620 1679 769 1740 custodes
806 1679 1012 1760 deputamus,
1041 1676 1228 1739 inhibentes

79 1775 236 1836 universis
260 1778 294 1835 et
317 1775 453 1857 singulis
470 1774 753 1839 Christifidelimus
775 1773 855 1859 (cic)
873 1795 916 1836 ne
938 1774 1010 1855 quis
1034 1773 1085 1834 vel
1108 1773 1164 1854 qui
1186 1773 1226 1834 ad

78 1867 265 1951 hujusmodi
283 1869 420 1949 fructus,
434 1872 591 1948 redditus,
606 1876 792 1952 proventus,
808 1871 959 1947 decimas,
976 1874 1011 1930 et
1036 1869 1227 1945 oblaciones,

78 1986 194 2026 manus
206 1967 392 2028 temerarias
405 1974 548 2050 apponat
558 1968 610 2028 vel
625 1971 800 2048 apponant,
811 1971 869 2028 aut
879 1964 1067 2050 hujusmodi
1077 1969 1226 2029 nostrum

80 2065 283 2143 sequestrum
298 2063 431 2141 violent,
449 2064 507 2125 sub
522 2084 617 2145 poena
628 2063 722 2146 juris

145 2156 246 2217 Lecta
282 2177 339 2238 per
369 2157 540 2238 praefatum
570 2157 875 2219 reverendissimum
905 2160 1032 2238 patrem
1069 2156 1229 2238 archiepi-
1256 2169 1366 2230 Reauby

80 2272 212 2332 scopum
221 2252 425 2313 antedictum
435 2254 469 2313 in
480 2254 574 2314 domo
589 2253 751 2314 revestriae
766 2251 941 2328 antedicto,
952 2250 1040 2312 dicto
1055 2251 1160 2332 primo
1175 2251 1228 2312 die
1255 2230 1375 2347 {min

79 2348 200 2408 mensis
216 2347 373 2426 Octobris,
388 2348 482 2410 Anno
496 2348 629 2410 Domini
645 2348 838 2429 supradicto.
1255 2348 1296 2467 ἒξ
1306 2361 1383 2394 reves

146 2539 331 2620 Edwardus‚
354 2542 564 2623 permissione
594 2542 704 2605 divina
727 2541 935 2604 Eboracensis
962 2539 1230 2622 archiepiscopus,
1257 2551 1328 2611 (136)

79 2635 204 2719 Angliae
213 2637 333 2718 primas
345 2642 379 2699 et
387 2639 666 2718 metropolitanus,
677 2638 871 2700 auctoritate
881 2637 1005 2699 domini
1016 2638 1118 2698 nostri
1129 2637 1230 2719 Regis
1255 2624 1309 2716 30¹}
1320 2610 1386 2719 {23⁸

81 2734 221 2813 supremi
233 2734 349 2814 capitis
361 2733 503 2795 ecclesiae
513 2735 698 2819 Anglicanae
710 2735 868 2811 munituS,
880 2735 1038 2795 universis
1049 2738 1082 2796 et
1094 2735 1231 2817 singulis
1256 2753 1367 2824 Ecclesia
1393 2812 1398 2823 Ι

79 2829 268 2906 rectoribuS,
285 2830 420 2907 vicariis,
436 2831 608 2912 capellanis
632 2832 750 2892 curatis
774 2834 808 2892 et
826 2850 889 2891 non
914 2831 1043 2907 curatis,
1058 2829 1181 2892 clericis
1197 2838 1232 2891 et
1255 2811 1409 2931 {ww

79 2923 218 2986 literatis
240 2925 497 3007 quibuscumque
520 2946 578 3007 per
600 2927 763 2988 dioecesim
779 2925 1015 2987 Eboracensem
1033 2926 1230 3004 constitutis,
1256 2954 1313 3014 (136
1324 2954 1360 3013 1,,)

80 3020 230 3097 salutem,
245 3024 398 3105 graciam,
415 3027 448 3083 et
463 3022 737 3084 benediccionem.
783 3021 866 3084 Cum
889 3021 1052 3082 notorium
1069 3021 1112 3082 sit
1128 3021 1230 3083 ecclc-

81 3117 160 3177 siam
175 3122 318 3178 nostram
337 3117 541 3200 collegiatam
558 3118 669 3181 Sancti
684 3116 827 3178 Willridi
842 3116 988 3197 Riponiae
1004 3117 1097 3178 dictae
1113 3121 1230 3178 nostrae
1254 3126 1406 3198 Thechurch

80 3211 290 3273 Eboracensis
307 3214 451 3274 dioecesis
467 3214 547 3274 adeo
562 3232 693 3296 gravem
709 3213 833 3273 minare
849 3212 977 3273 ruinam
1000 3215 1039 3272 ut
1054 3211 1118 3273 nisi
1132 3212 1230 3273 citius
1254 3186 1407 3292 ffifffflssffll

79 3308 186 3368 eidem
203 3308 287 3369 malo
303 3313 488 3370 occurratur
503 3309 677 3370 verisimile
694 3309 738 3369 sit
752 3309 787 3368 in
802 3307 892 3369 brevi
908 3306 1045 3373 eandem
1061 3308 1229 3370 ecclesiam
1255 3305 1383 3415 iffiffissel

80 3405 208 3486 magnis
229 3403 400 3466 deformari
422 3406 535 3481 ruinis,
551 3405 585 3465 in
601 3425 697 3488 grave
713 3405 814 3485 ipsius
838 3402 980 3464 ecclesiae
1002 3403 1230 3485 dispendium3
1254 3377 1268 3410 ⁰
1341 3377 1381 3424 ΠΨ

80 3499 224 3560 volentes
241 3501 344 3583 igitur
356 3501 516 3581 praedictis
527 3502 641 3578 ruinis,
653 3505 813 3583 quantum
826 3501 860 3561 in
872 3499 963 3561 nobis
980 3504 1040 3579 est,
1051 3501 1229 3585 providere,

79 3600 114 3656 et
130 3615 226 3676 super
249 3597 371 3658 eisdem
394 3602 571 3659 tractatum
598 3599 844 3660 convenientem
870 3616 945 3658 cum
964 3600 1125 3661 canonicis
1145 3599 1230 3682 ejus·

78 3691 155 3752 dem
181 3692 321 3753 ecclesiae
347 3691 476 3772 habere,
497 3693 616 3755 idcirco
643 3694 772 3756 eosdem
797 3713 873 3777 erga
898 3693 985 3756 diem
1012 3694 1229 3777 subscriptum

77 3787 199 3848 evocari
227 3792 260 3848 et
287 3789 378 3849 citari
406 3789 616 3851 decrevimus.
662 3789 761 3851 Vobis
792 3789 895 3872 igitur
921 3791 1167 3868 committimus,
1195 3798 1229 3853 ct
1252 3805 1403 3875 rhemnona

76 3888 189 3944 tenore
201 3886 410 3965 praesentium
421 3887 624 3964 mandamus,
634 3890 794 3967 quatenus
806 3886 915 3947 citetis
931 3905 988 3946 seu
999 3886 1090 3948 citari
1103 3885 1227 3949 faciatis
1252 3875 1278 3966 {2
1287 3865 1390 3967 ξξθξζωᾱ

76 3984 293 4063 peremptorie
324 3984 494 4045 dominum
525 3984 758 4047 Christoferum
788 3981 939 4065 Dragley‚
969 3983 1227 4064 praebendarium
1251 3981 1403 4084 ssnffffifflll

76 4078 256 4160 praebendae
272 4080 312 4141 de
333 4079 502 4158 Monkton,
519 4085 553 4141 et
568 4081 737 4141 dominum
752 4078 998 4140 Marmaducum
1021 4079 1170 4141 abbatem
1186 4080 1227 4142 de
1252 4053 1367 4144 niceae

77 4175 249 4251 Fontibus,
273 4176 530 4256 praebendarium
559 4175 738 4258 praebendae
764 4176 804 4236 de
831 4172 968 4255 Thorpe,
994 4179 1029 4236 et
1057 4175 1227 4239 dominum

78 4269 312 4331 Christoferum
344 4272 440 4348 Seall,
471 4272 729 4353 praebendarium
760 4269 939 4351 praebendae
970 4270 1010 4331 de
1040 4269 1226 4353 Stangwike

77 4367 112 4425 in
137 4366 262 4441 eadem,
279 4388 314 4427 ac
338 4369 484 4429 omnium
506 4367 642 4429 aliorum
665 4367 812 4450 ejusdem
836 4364 978 4427 ecclesiae
1001 4367 1226 4431 canonicorum

78 4461 266 4522 absencium
293 4467 524 4543 procuratores,
547 4463 633 4543 quod
657 4464 872 4543 compareant,
891 4464 925 4521 et
951 4481 1061 4524 eorum
1088 4464 1226 4546 quilibet

626 4572 674 4620 ul
