<?xml version="1.0" encoding="UTF-8"?>
<!DOCTYPE html PUBLIC "-//W3C//DTD XHTML 1.0 Transitional//EN"
    "http://www.w3.org/TR/xhtml1/DTD/xhtml1-transitional.dtd">
<html xmlns="http://www.w3.org/1999/xhtml" xml:lang="en" lang="en">
 <head>
  <title>
</title>
<meta http-equiv="Content-Type" content="text/html;charset=utf-8" />
  <meta name='ocr-system' content='tesseract 3.04.00' />
  <meta name='ocr-capabilities' content='ocr_page ocr_carea ocr_par ocr_line ocrx_word'/>
</head>
<body>
  <div class='ocr_page' id='page_1' title='image "./memorialschurch02fowlgoog_0058.png"; bbox 0 0 3074 5032; ppageno 0'>
   <div class='ocr_carea' id='block_1_1' title="bbox 233 340 1438 433">
    <p class='ocr_par' dir='ltr' id='par_1_1' title="bbox 233 340 1438 433">
     <span class='ocr_line' id='line_1_1' title="bbox 233 340 1438 433; baseline 0.002 -25"><span class='ocrx_word' id='word_1_1' title='bbox 233 357 406 408; x_wconf 43' lang='lat' dir='ltr'>narsitem</span> <span class='ocrx_word' id='word_1_2' title='bbox 432 357 528 408; x_wconf 80' lang='lat' dir='ltr'>saort</span> <span class='ocrx_word' id='word_1_3' title='bbox 555 357 651 409; x_wconf 79' lang='lat' dir='ltr'>rosa</span> <span class='ocrx_word' id='word_1_4' title='bbox 677 356 891 422; x_wconf 58' lang='lat' dir='ltr'>asciscerem</span> <span class='ocrx_word' id='word_1_5' title='bbox 932 359 1144 433; x_wconf 82' lang='lat' dir='ltr'>cossamor.</span> <span class='ocrx_word' id='word_1_6' title='bbox 1392 340 1438 412; x_wconf 80' lang='grc'>41</span> 
     </span>
    </p>
   </div>
   <div class='ocr_carea' id='block_1_2' title="bbox 109 524 1440 2337">
    <p class='ocr_par' dir='ltr' id='par_1_2' title="bbox 109 524 1431 2030">
     <span class='ocr_line' id='line_1_2' title="bbox 182 524 1379 608; baseline 0.004 -20"><span class='ocrx_word' id='word_1_7' title='bbox 182 527 395 607; x_wconf 86' lang='lat' dir='ltr'>Sequestrum</span> <span class='ocrx_word' id='word_1_8' title='bbox 417 526 610 587; x_wconf 88' lang='lat' dir='ltr'>auctoritate</span> <span class='ocrx_word' id='word_1_9' title='bbox 625 530 736 587; x_wconf 81' lang='lat' dir='ltr'>nostra</span> <span class='ocrx_word' id='word_1_10' title='bbox 758 525 793 585; x_wconf 90' lang='lat' dir='ltr'>in</span> <span class='ocrx_word' id='word_1_11' title='bbox 809 524 971 587; x_wconf 89' lang='lat' dir='ltr'>fructibus</span> <span class='ocrx_word' id='word_1_12' title='bbox 995 531 1030 589; x_wconf 89' lang='lat' dir='ltr'>et</span> <span class='ocrx_word' id='word_1_13' title='bbox 1053 526 1263 608; x_wconf 71' lang='lat' dir='ltr'>proventibus</span> <span class='ocrx_word' id='word_1_14' title='bbox 1290 534 1379 596; x_wconf 71' lang='lat'><strong>(700.)</strong></span> 
     </span>
     <span class='ocr_line' id='line_1_3' title="bbox 113 605 1385 705; baseline 0.002 -23"><span class='ocrx_word' id='word_1_15' title='bbox 113 622 293 705; x_wconf 87' lang='lat' dir='ltr'>praebendae</span> <span class='ocrx_word' id='word_1_16' title='bbox 311 641 368 682; x_wconf 91' lang='lat' dir='ltr'>seu</span> <span class='ocrx_word' id='word_1_17' title='bbox 384 623 543 702; x_wconf 90' lang='lat' dir='ltr'>porcionis</span> <span class='ocrx_word' id='word_1_18' title='bbox 566 622 690 683; x_wconf 93' lang='lat' dir='ltr'>domini</span> <span class='ocrx_word' id='word_1_19' title='bbox 713 622 822 704; x_wconf 85' lang='lat' dir='ltr'>Egidii</span> <span class='ocrx_word' id='word_1_20' title='bbox 838 621 879 683; x_wconf 90' lang='lat' dir='ltr'>de</span> <span class='ocrx_word' id='word_1_21' title='bbox 893 623 1087 684; x_wconf 88' lang='lat' dir='ltr'>Audenardo</span> <span class='ocrx_word' id='word_1_22' title='bbox 1109 625 1145 684; x_wconf 92' lang='lat' dir='ltr'>in</span> <span class='ocrx_word' id='word_1_23' title='bbox 1161 623 1264 684; x_wconf 89' lang='lat' dir='ltr'>eccle·</span> <span class='ocrx_word' id='word_1_24' title='bbox 1288 605 1385 701; x_wconf 34' lang='lat' dir='ltr'>1⁸3¹&amp;ss</span> 
     </span>
     <span class='ocr_line' id='line_1_4' title="bbox 114 712 1392 799; baseline 0.002 -21"><span class='ocrx_word' id='word_1_25' title='bbox 114 719 161 778; x_wconf 90' lang='lat' dir='ltr'>sia</span> <span class='ocrx_word' id='word_1_26' title='bbox 184 715 310 799; x_wconf 89' lang='lat' dir='ltr'>Rypon&#39;</span> <span class='ocrx_word' id='word_1_27' title='bbox 332 718 498 779; x_wconf 79' lang='lat' dir='ltr'>occasione</span> <span class='ocrx_word' id='word_1_28' title='bbox 522 739 588 779; x_wconf 94' lang='lat' dir='ltr'>non</span> <span class='ocrx_word' id='word_1_29' title='bbox 611 739 676 779; x_wconf 90' lang='lat' dir='ltr'>suae</span> <span class='ocrx_word' id='word_1_30' title='bbox 700 718 897 794; x_wconf 89' lang='lat' dir='ltr'>residenciae,</span> <span class='ocrx_word' id='word_1_31' title='bbox 914 724 947 780; x_wconf 93' lang='lat' dir='ltr'>et</span> <span class='ocrx_word' id='word_1_32' title='bbox 971 720 1137 780; x_wconf 88' lang='lat' dir='ltr'>citacionis</span> <span class='ocrx_word' id='word_1_33' title='bbox 1166 739 1263 799; x_wconf 90' lang='lat' dir='ltr'>super</span> <span class='ocrx_word' id='word_1_34' title='bbox 1288 712 1344 758; x_wconf 67' lang='lat'><strong>³³¹¹·</strong></span> <span class='ocrx_word' id='word_1_35' title='bbox 1357 716 1392 760; x_wconf 81' lang='lat'>¹3·</span> 
     </span>
     <span class='ocr_line' id='line_1_5' title="bbox 112 796 1416 915; baseline 0.002 -43"><span class='ocrx_word' id='word_1_36' title='bbox 112 812 300 894; x_wconf 75' lang='lat' dir='ltr'>pluralitate</span> <span class='ocrx_word' id='word_1_37' title='bbox 317 812 379 874; x_wconf 93' lang='lat' dir='ltr'>sibi</span> <span class='ocrx_word' id='word_1_38' title='bbox 394 812 497 890; x_wconf 85' lang='lat' dir='ltr'>factae‚</span> <span class='ocrx_word' id='word_1_39' title='bbox 514 834 571 874; x_wconf 89' lang='lat' dir='ltr'>seu</span> <span class='ocrx_word' id='word_1_40' title='bbox 586 813 650 874; x_wconf 92' lang='lat' dir='ltr'>alia</span> <span class='ocrx_word' id='word_1_41' title='bbox 659 833 850 894; x_wconf 89' lang='lat' dir='ltr'>quacunque</span> <span class='ocrx_word' id='word_1_42' title='bbox 866 814 906 875; x_wconf 93' lang='lat' dir='ltr'>de</span> <span class='ocrx_word' id='word_1_43' title='bbox 918 835 1013 874; x_wconf 90' lang='lat' dir='ltr'>causa</span> <span class='ocrx_word' id='word_1_44' title='bbox 1022 815 1263 895; x_wconf 87' lang='lat' dir='ltr'>interpositum,</span> <span class='ocrx_word' id='word_1_45' title='bbox 1288 796 1416 915; x_wconf 40' lang='lat' dir='ltr'>mg?</span> 
     </span>
     <span class='ocr_line' id='line_1_6' title="bbox 112 908 1431 990; baseline 0.001 -20"><span class='ocrx_word' id='word_1_46' title='bbox 112 929 171 990; x_wconf 91' lang='lat' dir='ltr'>per</span> <span class='ocrx_word' id='word_1_47' title='bbox 186 929 242 970; x_wconf 86' lang='lat' dir='ltr'>vos</span> <span class='ocrx_word' id='word_1_48' title='bbox 266 908 416 969; x_wconf 87' lang='lat' dir='ltr'>volumus</span> <span class='ocrx_word' id='word_1_49' title='bbox 438 909 584 971; x_wconf 85' lang='lat' dir='ltr'>relaxari.</span> <span class='ocrx_word' id='word_1_50' title='bbox 630 910 674 970; x_wconf 89' lang='lat' dir='ltr'>Et</span> <span class='ocrx_word' id='word_1_51' title='bbox 699 913 902 990; x_wconf 90' lang='lat' dir='ltr'>sequestrum</span> <span class='ocrx_word' id='word_1_52' title='bbox 925 911 1028 971; x_wconf 90' lang='lat' dir='ltr'>eciam</span> <span class='ocrx_word' id='word_1_53' title='bbox 1054 912 1089 970; x_wconf 93' lang='lat' dir='ltr'>in</span> <span class='ocrx_word' id='word_1_54' title='bbox 1104 910 1263 972; x_wconf 78' lang='lat' dir='ltr'>fructibus</span> <span class='ocrx_word' id='word_1_55' title='bbox 1289 916 1431 989; x_wconf 55' lang='lat' dir='ltr'>insariam</span> 
     </span>
     <span class='ocr_line' id='line_1_7' title="bbox 113 974 1417 1087; baseline 0.001 -21"><span class='ocrx_word' id='word_1_56' title='bbox 113 1012 148 1066; x_wconf 92' lang='lat' dir='ltr'>et</span> <span class='ocrx_word' id='word_1_57' title='bbox 172 1004 382 1085; x_wconf 82' lang='lat' dir='ltr'>proventibus</span> <span class='ocrx_word' id='word_1_58' title='bbox 404 1005 541 1066; x_wconf 91' lang='lat' dir='ltr'>aliorum</span> <span class='ocrx_word' id='word_1_59' title='bbox 563 1006 834 1086; x_wconf 89' lang='lat' dir='ltr'>porcionariorum</span> <span class='ocrx_word' id='word_1_60' title='bbox 858 1012 1019 1087; x_wconf 83' lang='lat' dir='ltr'>quatenus</span> <span class='ocrx_word' id='word_1_61' title='bbox 1042 1007 1207 1067; x_wconf 89' lang='lat' dir='ltr'>ministros</span> <span class='ocrx_word' id='word_1_62' title='bbox 1230 1012 1263 1068; x_wconf 89' lang='lat' dir='ltr'>et</span> <span class='ocrx_word' id='word_1_63' title='bbox 1289 974 1417 1078; x_wconf 47' lang='lat' dir='ltr'>{influa}</span> 
     </span>
     <span class='ocr_line' id='line_1_8' title="bbox 112 1092 1387 1194; baseline 0.003 -34"><span class='ocrx_word' id='word_1_64' title='bbox 112 1099 267 1162; x_wconf 83' lang='lat' dir='ltr'>fabricam</span> <span class='ocrx_word' id='word_1_65' title='bbox 283 1100 426 1162; x_wconf 88' lang='lat' dir='ltr'>ecclesiae</span> <span class='ocrx_word' id='word_1_66' title='bbox 450 1100 584 1182; x_wconf 88' lang='lat' dir='ltr'>Rypon’,</span> <span class='ocrx_word' id='word_1_67' title='bbox 600 1123 636 1163; x_wconf 90' lang='lat' dir='ltr'>ac</span> <span class='ocrx_word' id='word_1_68' title='bbox 659 1102 818 1163; x_wconf 83' lang='lat' dir='ltr'>decimam</span> <span class='ocrx_word' id='word_1_69' title='bbox 841 1103 876 1163; x_wconf 91' lang='lat' dir='ltr'>in</span> <span class='ocrx_word' id='word_1_70' title='bbox 904 1102 1084 1163; x_wconf 86' lang='lat' dir='ltr'>subsidium</span> <span class='ocrx_word' id='word_1_71' title='bbox 1112 1103 1263 1164; x_wconf 87' lang='lat' dir='ltr'>Romanae</span> <span class='ocrx_word' id='word_1_72' title='bbox 1288 1092 1387 1194; x_wconf 50' lang='lat' dir='ltr'>mg*</span> 
     </span>
     <span class='ocr_line' id='line_1_9' title="bbox 113 1197 1389 1279; baseline 0.001 -23"><span class='ocrx_word' id='word_1_73' title='bbox 113 1197 254 1258; x_wconf 88' lang='lat' dir='ltr'>ecclesiae</span> <span class='ocrx_word' id='word_1_74' title='bbox 271 1216 454 1257; x_wconf 89' lang='lat' dir='ltr'>concessam</span> <span class='ocrx_word' id='word_1_75' title='bbox 476 1198 636 1279; x_wconf 85' lang='lat' dir='ltr'>contingit</span> <span class='ocrx_word' id='word_1_76' title='bbox 659 1199 900 1279; x_wconf 88' lang='lat' dir='ltr'>interpositum,</span> <span class='ocrx_word' id='word_1_77' title='bbox 917 1198 1067 1261; x_wconf 86' lang='lat' dir='ltr'>similiter</span> <span class='ocrx_word' id='word_1_78' title='bbox 1089 1199 1262 1261; x_wconf 82' lang='lat' dir='ltr'>relaxetis:</span> <span class='ocrx_word' id='word_1_79' title='bbox 1288 1208 1389 1268; x_wconf 77' lang='lat' dir='ltr'>Rypon’.</span> 
     </span>
     <span class='ocr_line' id='line_1_10' title="bbox 112 1294 1264 1376; baseline 0.002 -23"><span class='ocrx_word' id='word_1_80' title='bbox 112 1299 281 1373; x_wconf 89' lang='lat' dir='ltr'>sequestro</span> <span class='ocrx_word' id='word_1_81' title='bbox 296 1297 406 1354; x_wconf 88' lang='lat' dir='ltr'>nostro</span> <span class='ocrx_word' id='word_1_82' title='bbox 432 1294 467 1353; x_wconf 90' lang='lat' dir='ltr'>in</span> <span class='ocrx_word' id='word_1_83' title='bbox 494 1314 666 1355; x_wconf 89' lang='lat' dir='ltr'>communa</span> <span class='ocrx_word' id='word_1_84' title='bbox 689 1294 830 1355; x_wconf 86' lang='lat' dir='ltr'>ecclesiae</span> <span class='ocrx_word' id='word_1_85' title='bbox 854 1299 888 1355; x_wconf 91' lang='lat' dir='ltr'>et</span> <span class='ocrx_word' id='word_1_86' title='bbox 910 1294 1039 1355; x_wconf 88' lang='lat' dir='ltr'>residuo</span> <span class='ocrx_word' id='word_1_87' title='bbox 1056 1296 1264 1376; x_wconf 72' lang='lat' dir='ltr'>pardonum,</span> 
     </span>
     <span class='ocr_line' id='line_1_11' title="bbox 111 1386 1263 1473; baseline 0.003 -25"><span class='ocrx_word' id='word_1_88' title='bbox 111 1386 301 1470; x_wconf 89' lang='lat' dir='ltr'>hujusmodi</span> <span class='ocrx_word' id='word_1_89' title='bbox 326 1390 518 1452; x_wconf 89' lang='lat' dir='ltr'>auctoritate</span> <span class='ocrx_word' id='word_1_90' title='bbox 550 1396 659 1451; x_wconf 88' lang='lat' dir='ltr'>nostra</span> <span class='ocrx_word' id='word_1_91' title='bbox 685 1391 849 1452; x_wconf 89' lang='lat' dir='ltr'>occasione</span> <span class='ocrx_word' id='word_1_92' title='bbox 876 1410 941 1450; x_wconf 93' lang='lat' dir='ltr'>non</span> <span class='ocrx_word' id='word_1_93' title='bbox 965 1391 1150 1452; x_wconf 89' lang='lat' dir='ltr'>residenciae</span> <span class='ocrx_word' id='word_1_94' title='bbox 1174 1392 1263 1473; x_wconf 89' lang='lat' dir='ltr'>prius</span> 
     </span>
     <span class='ocr_line' id='line_1_12' title="bbox 110 1484 1264 1568; baseline 0.003 -23"><span class='ocrx_word' id='word_1_95' title='bbox 110 1485 317 1566; x_wconf 85' lang='lat' dir='ltr'>interposito,</span> <span class='ocrx_word' id='word_1_96' title='bbox 332 1484 372 1546; x_wconf 94' lang='lat' dir='ltr'>de</span> <span class='ocrx_word' id='word_1_97' title='bbox 392 1506 455 1566; x_wconf 93' lang='lat' dir='ltr'>quo</span> <span class='ocrx_word' id='word_1_98' title='bbox 478 1486 570 1548; x_wconf 91' lang='lat' dir='ltr'>nobis</span> <span class='ocrx_word' id='word_1_99' title='bbox 587 1507 641 1548; x_wconf 93' lang='lat' dir='ltr'>vos</span> <span class='ocrx_word' id='word_1_100' title='bbox 664 1486 858 1568; x_wconf 89' lang='lat' dir='ltr'>respondere</span> <span class='ocrx_word' id='word_1_101' title='bbox 875 1487 1034 1564; x_wconf 87' lang='lat' dir='ltr'>volumus,</span> <span class='ocrx_word' id='word_1_102' title='bbox 1051 1485 1264 1549; x_wconf 86' lang='lat' dir='ltr'>nihilominus</span> 
     </span>
     <span class='ocr_line' id='line_1_13' title="bbox 109 1580 1263 1665; baseline 0.003 -24"><span class='ocrx_word' id='word_1_103' title='bbox 109 1582 146 1641; x_wconf 90' lang='lat' dir='ltr'>in</span> <span class='ocrx_word' id='word_1_104' title='bbox 172 1601 231 1641; x_wconf 92' lang='lat' dir='ltr'>suo</span> <span class='ocrx_word' id='word_1_105' title='bbox 253 1581 365 1643; x_wconf 90' lang='lat' dir='ltr'>robore</span> <span class='ocrx_word' id='word_1_106' title='bbox 389 1583 554 1644; x_wconf 79' lang='lat' dir='ltr'>duraturo,</span> <span class='ocrx_word' id='word_1_107' title='bbox 600 1580 772 1659; x_wconf 84' lang='lat' dir='ltr'>Caeterum,</span> <span class='ocrx_word' id='word_1_108' title='bbox 796 1584 904 1665; x_wconf 91' lang='lat' dir='ltr'>placet</span> <span class='ocrx_word' id='word_1_109' title='bbox 929 1583 1022 1644; x_wconf 91' lang='lat' dir='ltr'>nobis</span> <span class='ocrx_word' id='word_1_110' title='bbox 1047 1585 1133 1665; x_wconf 93' lang='lat' dir='ltr'>quod</span> <span class='ocrx_word' id='word_1_111' title='bbox 1157 1585 1263 1646; x_wconf 91' lang='lat' dir='ltr'>dictus</span> 
     </span>
     <span class='ocr_line' id='line_1_14' title="bbox 110 1678 1263 1762; baseline 0.004 -25"><span class='ocrx_word' id='word_1_112' title='bbox 110 1678 263 1738; x_wconf 91' lang='lat' dir='ltr'>dominus</span> <span class='ocrx_word' id='word_1_113' title='bbox 279 1678 415 1760; x_wconf 80' lang='lat' dir='ltr'>Egidius</span> <span class='ocrx_word' id='word_1_114' title='bbox 439 1700 496 1760; x_wconf 93' lang='lat' dir='ltr'>pro</span> <span class='ocrx_word' id='word_1_115' title='bbox 519 1684 588 1740; x_wconf 88' lang='lat' dir='ltr'>rata</span> <span class='ocrx_word' id='word_1_116' title='bbox 610 1681 766 1762; x_wconf 83' lang='lat' dir='ltr'>temporis</span> <span class='ocrx_word' id='word_1_117' title='bbox 790 1701 853 1761; x_wconf 91' lang='lat' dir='ltr'>quo</span> <span class='ocrx_word' id='word_1_118' title='bbox 879 1679 1041 1756; x_wconf 85' lang='lat' dir='ltr'>residerit,</span> <span class='ocrx_word' id='word_1_119' title='bbox 1058 1685 1091 1740; x_wconf 92' lang='lat' dir='ltr'>et</span> <span class='ocrx_word' id='word_1_120' title='bbox 1115 1700 1172 1761; x_wconf 92' lang='lat' dir='ltr'>pro</span> <span class='ocrx_word' id='word_1_121' title='bbox 1194 1686 1263 1743; x_wconf 87' lang='lat' dir='ltr'>rata</span> 
     </span>
     <span class='ocr_line' id='line_1_15' title="bbox 110 1774 1263 1857; baseline 0.001 -22"><span class='ocrx_word' id='word_1_122' title='bbox 110 1775 323 1857; x_wconf 84' lang='lat' dir='ltr'>contingente</span> <span class='ocrx_word' id='word_1_123' title='bbox 347 1795 516 1856; x_wconf 89' lang='lat' dir='ltr'>personam</span> <span class='ocrx_word' id='word_1_124' title='bbox 542 1777 656 1856; x_wconf 90' lang='lat' dir='ltr'>ipsius,</span> <span class='ocrx_word' id='word_1_125' title='bbox 681 1776 766 1857; x_wconf 91' lang='lat' dir='ltr'>quod</span> <span class='ocrx_word' id='word_1_126' title='bbox 798 1796 836 1836; x_wconf 86' lang='lat' dir='ltr'>ex</span> <span class='ocrx_word' id='word_1_127' title='bbox 856 1774 948 1856; x_wconf 87' lang='lat' dir='ltr'>justo</span> <span class='ocrx_word' id='word_1_128' title='bbox 972 1779 1006 1835; x_wconf 92' lang='lat' dir='ltr'>et</span> <span class='ocrx_word' id='word_1_129' title='bbox 1033 1796 1123 1856; x_wconf 90' lang='lat' dir='ltr'>aequo</span> <span class='ocrx_word' id='word_1_130' title='bbox 1147 1774 1263 1838; x_wconf 90' lang='lat' dir='ltr'>habere</span> 
     </span>
     <span class='ocr_line' id='line_1_16' title="bbox 110 1870 1262 1953; baseline 0 -23"><span class='ocrx_word' id='word_1_131' title='bbox 110 1870 229 1931; x_wconf 91' lang='lat' dir='ltr'>debeat</span> <span class='ocrx_word' id='word_1_132' title='bbox 243 1871 400 1951; x_wconf 89' lang='lat' dir='ltr'>percipiat</span> <span class='ocrx_word' id='word_1_133' title='bbox 421 1871 462 1932; x_wconf 88' lang='lat' dir='ltr'>de</span> <span class='ocrx_word' id='word_1_134' title='bbox 486 1892 668 1949; x_wconf 88' lang='lat' dir='ltr'>communa,</span> <span class='ocrx_word' id='word_1_135' title='bbox 685 1877 852 1953; x_wconf 91' lang='lat' dir='ltr'>sequestro</span> <span class='ocrx_word' id='word_1_136' title='bbox 871 1876 982 1932; x_wconf 92' lang='lat' dir='ltr'>nostro</span> <span class='ocrx_word' id='word_1_137' title='bbox 1003 1871 1037 1930; x_wconf 93' lang='lat' dir='ltr'>in</span> <span class='ocrx_word' id='word_1_138' title='bbox 1053 1871 1155 1952; x_wconf 92' lang='lat' dir='ltr'>ipsius</span> <span class='ocrx_word' id='word_1_139' title='bbox 1172 1891 1262 1932; x_wconf 91' lang='lat' dir='ltr'>com-</span> 
     </span>
     <span class='ocr_line' id='line_1_17' title="bbox 111 1964 1262 2030; baseline 0.003 -4"><span class='ocrx_word' id='word_1_140' title='bbox 111 1986 221 2027; x_wconf 84' lang='lat' dir='ltr'>munae</span> <span class='ocrx_word' id='word_1_141' title='bbox 244 1967 373 2028; x_wconf 87' lang='lat' dir='ltr'>residuo</span> <span class='ocrx_word' id='word_1_142' title='bbox 396 1964 625 2028; x_wconf 92' lang='lat' dir='ltr'>nichilominus</span> <span class='ocrx_word' id='word_1_143' title='bbox 648 1969 682 2027; x_wconf 93' lang='lat' dir='ltr'>in</span> <span class='ocrx_word' id='word_1_144' title='bbox 708 1988 765 2028; x_wconf 91' lang='lat' dir='ltr'>suo</span> <span class='ocrx_word' id='word_1_145' title='bbox 789 1968 900 2029; x_wconf 88' lang='lat' dir='ltr'>robore</span> <span class='ocrx_word' id='word_1_146' title='bbox 925 1967 1090 2029; x_wconf 87' lang='lat' dir='ltr'>duratura.</span> <span class='ocrx_word' id='word_1_147' title='bbox 1136 1966 1262 2030; x_wconf 84' lang='lat' dir='ltr'>Valete.</span> 
     </span>
    </p>

    <p class='ocr_par' dir='ltr' id='par_1_3' title="bbox 111 2061 1064 2144">
     <span class='ocr_line' id='line_1_18' title="bbox 111 2061 1064 2144; baseline 0.002 -22"><span class='ocrx_word' id='word_1_148' title='bbox 111 2061 186 2123; x_wconf 86' lang='lat' dir='ltr'>Dat.</span> <span class='ocrx_word' id='word_1_149' title='bbox 202 2063 289 2143; x_wconf 90' lang='lat' dir='ltr'>apud</span> <span class='ocrx_word' id='word_1_150' title='bbox 306 2061 427 2126; x_wconf 81' lang='lat' dir='ltr'>Oawod.</span> <span class='ocrx_word' id='word_1_151' title='bbox 473 2063 524 2124; x_wconf 89' lang='lat' dir='ltr'>Id.</span> <span class='ocrx_word' id='word_1_152' title='bbox 540 2061 614 2124; x_wconf 88' lang='lat' dir='ltr'>Jan.</span> <span class='ocrx_word' id='word_1_153' title='bbox 629 2069 719 2144; x_wconf 90' lang='lat' dir='ltr'>pont.</span> <span class='ocrx_word' id='word_1_154' title='bbox 735 2064 838 2124; x_wconf 90' lang='lat' dir='ltr'>nostri</span> <span class='ocrx_word' id='word_1_155' title='bbox 854 2083 938 2123; x_wconf 88' lang='lat' dir='ltr'>anno</span> <span class='ocrx_word' id='word_1_156' title='bbox 953 2063 1064 2124; x_wconf 84' lang='lat' dir='ltr'>tercie.</span> 
     </span>
    </p>

    <p class='ocr_par' dir='ltr' id='par_1_4' title="bbox 178 2154 1440 2261">
     <span class='ocr_line' id='line_1_19' title="bbox 178 2154 1440 2261; baseline 0.002 -43"><span class='ocrx_word' id='word_1_157' title='bbox 178 2159 248 2219; x_wconf 89' lang='lat' dir='ltr'>Ista</span> <span class='ocrx_word' id='word_1_158' title='bbox 273 2157 338 2219; x_wconf 89' lang='lat' dir='ltr'>fuit</span> <span class='ocrx_word' id='word_1_159' title='bbox 361 2159 515 2219; x_wconf 82' lang='lat' dir='ltr'>innovata</span> <span class='ocrx_word' id='word_1_160' title='bbox 540 2160 746 2240; x_wconf 91' lang='lat' dir='ltr'>postmodum</span> <span class='ocrx_word' id='word_1_161' title='bbox 783 2158 842 2219; x_wconf 90' lang='lat' dir='ltr'>sub</span> <span class='ocrx_word' id='word_1_162' title='bbox 878 2160 943 2220; x_wconf 89' lang='lat' dir='ltr'>dat.</span> <span class='ocrx_word' id='word_1_163' title='bbox 971 2158 1039 2241; x_wconf 90' lang='lat' dir='ltr'>viij.</span> <span class='ocrx_word' id='word_1_164' title='bbox 1064 2159 1138 2220; x_wconf 87' lang='lat' dir='ltr'>Kal.</span> <span class='ocrx_word' id='word_1_165' title='bbox 1165 2159 1260 2223; x_wconf 88' lang='lat' dir='ltr'>Febr.</span> <span class='ocrx_word' id='word_1_166' title='bbox 1286 2156 1398 2261; x_wconf 47' lang='lat' dir='ltr'>{mill</span> <span class='ocrx_word' id='word_1_167' title='bbox 1412 2154 1440 2206; x_wconf 65' lang='lat'>0?</span> 
     </span>
    </p>

    <p class='ocr_par' dir='ltr' id='par_1_5' title="bbox 109 2230 1421 2337">
     <span class='ocr_line' id='line_1_20' title="bbox 109 2230 1421 2337; baseline 0.002 -22"><span class='ocrx_word' id='word_1_168' title='bbox 109 2254 197 2335; x_wconf 91' lang='lat' dir='ltr'>apud</span> <span class='ocrx_word' id='word_1_169' title='bbox 218 2250 342 2331; x_wconf 82' lang='lat' dir='ltr'>Cawod,</span> <span class='ocrx_word' id='word_1_170' title='bbox 358 2275 433 2316; x_wconf 94' lang='lat' dir='ltr'>cum</span> <span class='ocrx_word' id='word_1_171' title='bbox 454 2255 655 2316; x_wconf 88' lang='lat' dir='ltr'>interlineari</span> <span class='ocrx_word' id='word_1_172' title='bbox 675 2275 733 2316; x_wconf 81' lang='lat' dir='ltr'>aaa</span> <span class='ocrx_word' id='word_1_173' title='bbox 757 2252 830 2317; x_wconf 80' lang='lat' dir='ltr'>alia</span> <span class='ocrx_word' id='word_1_174' title='bbox 854 2274 1056 2337; x_wconf 67' lang='lat' dir='ltr'>qamaaaqac</span> <span class='ocrx_word' id='word_1_175' title='bbox 1082 2253 1121 2318; x_wconf 86' lang='lat' dir='ltr'>dc</span> <span class='ocrx_word' id='word_1_176' title='bbox 1144 2275 1259 2336; x_wconf 86' lang='lat' dir='ltr'>caasa,</span> <span class='ocrx_word' id='word_1_177' title='bbox 1314 2230 1352 2262; x_wconf 51' lang='grc' dir='ltr'>Η</span> <span class='ocrx_word' id='word_1_178' title='bbox 1369 2231 1421 2265; x_wconf 74' lang='lat' dir='ltr'>ove.</span> 
     </span>
    </p>
   </div>
   <div class='ocr_carea' id='block_1_3' title="bbox 109 2349 779 2432">
    <p class='ocr_par' dir='ltr' id='par_1_6' title="bbox 109 2349 779 2432">
     <span class='ocr_line' id='line_1_21' title="bbox 109 2349 779 2432; baseline 0.003 -22"><span class='ocrx_word' id='word_1_179' title='bbox 109 2349 241 2411; x_wconf 91' lang='lat' dir='ltr'>domino</span> <span class='ocrx_word' id='word_1_180' title='bbox 257 2350 373 2432; x_wconf 86' lang='lat' dir='ltr'>Egidio</span> <span class='ocrx_word' id='word_1_181' title='bbox 389 2351 422 2412; x_wconf 92' lang='lat' dir='ltr'>id</span> <span class='ocrx_word' id='word_1_182' title='bbox 438 2352 561 2432; x_wconf 91' lang='lat' dir='ltr'>pariter</span> <span class='ocrx_word' id='word_1_183' title='bbox 576 2355 779 2432; x_wconf 88' lang='lat' dir='ltr'>procurante.</span> 
     </span>
    </p>
   </div>
   <div class='ocr_carea' id='block_1_4' title="bbox 110 2508 1342 2862">
    <p class='ocr_par' dir='ltr' id='par_1_7' title="bbox 110 2508 1342 2862">
     <span class='ocr_line' id='line_1_22' title="bbox 174 2508 1342 2595; baseline -0.003 -21"><span class='ocrx_word' id='word_1_184' title='bbox 174 2508 323 2574; x_wconf 68' lang='lat' dir='ltr'>Similae·</span> <span class='ocrx_word' id='word_1_185' title='bbox 337 2509 543 2574; x_wconf 55' lang='lat' dir='ltr'>relaaat‘ioas</span> <span class='ocrx_word' id='word_1_186' title='bbox 558 2509 598 2574; x_wconf 83' lang='lat' dir='ltr'>a&#39;a</span> <span class='ocrx_word' id='word_1_187' title='bbox 608 2511 738 2595; x_wconf 80' lang='lat' dir='ltr'>favour</span> <span class='ocrx_word' id='word_1_188' title='bbox 754 2511 793 2594; x_wconf 86' lang='lat' dir='ltr'>of</span> <span class='ocrx_word' id='word_1_189' title='bbox 804 2508 880 2575; x_wconf 78' lang='lat' dir='ltr'>Joa.</span> <span class='ocrx_word' id='word_1_190' title='bbox 897 2509 1024 2573; x_wconf 80' lang='lat' dir='ltr'>Braatc</span> <span class='ocrx_word' id='word_1_191' title='bbox 1039 2509 1204 2575; x_wconf 76' lang='lat' dir='ltr'>Saraceni</span> <span class='ocrx_word' id='word_1_192' title='bbox 1219 2510 1259 2573; x_wconf 86' lang='lat' dir='ltr'>de</span> <span class='ocrx_word' id='word_1_193' title='bbox 1285 2510 1342 2570; x_wconf 83' lang='lat'><strong>(⁷¹)</strong></span> 
     </span>
     <span class='ocr_line' id='line_1_23' title="bbox 114 2605 1259 2693; baseline -0.001 -21"><span class='ocrx_word' id='word_1_194' title='bbox 114 2605 206 2686; x_wconf 79' lang='lat' dir='ltr'>Urbe,</span> <span class='ocrx_word' id='word_1_195' title='bbox 237 2606 277 2689; x_wconf 90' lang='lat' dir='ltr'>of</span> <span class='ocrx_word' id='word_1_196' title='bbox 311 2606 388 2671; x_wconf 77' lang='lat' dir='ltr'>rao.</span> <span class='ocrx_word' id='word_1_197' title='bbox 419 2608 459 2670; x_wconf 85' lang='lat' dir='ltr'>dc</span> <span class='ocrx_word' id='word_1_198' title='bbox 489 2607 667 2673; x_wconf 80' lang='lat' dir='ltr'>Sabaaola&#39;a</span> <span class='ocrx_word' id='word_1_199' title='bbox 697 2607 851 2693; x_wconf 89' lang='lat' dir='ltr'>(obtentu</span> <span class='ocrx_word' id='word_1_200' title='bbox 881 2608 997 2670; x_wconf 91' lang='lat' dir='ltr'>nobilis</span> <span class='ocrx_word' id='word_1_201' title='bbox 1022 2654 1029 2671; x_wconf 93' lang='lat'><strong>.</strong></span> <span class='ocrx_word' id='word_1_202' title='bbox 1055 2608 1259 2671; x_wconf 74' lang='lat' dir='ltr'>..Comitis</span> 
     </span>
     <span class='ocr_line' id='line_1_24' title="bbox 110 2702 1259 2789; baseline 0.001 -23"><span class='ocrx_word' id='word_1_203' title='bbox 110 2704 278 2766; x_wconf 87' lang='lat' dir='ltr'>Sabaudiae</span> <span class='ocrx_word' id='word_1_204' title='bbox 293 2702 354 2765; x_wconf 90' lang='lat' dir='ltr'>hac</span> <span class='ocrx_word' id='word_1_205' title='bbox 369 2703 465 2789; x_wconf 82' lang='lat' dir='ltr'>vice),</span> <span class='ocrx_word' id='word_1_206' title='bbox 480 2704 553 2767; x_wconf 85' lang='lat' dir='ltr'>aad</span> <span class='ocrx_word' id='word_1_207' title='bbox 567 2704 607 2787; x_wconf 89' lang='lat' dir='ltr'>⁰f</span> <span class='ocrx_word' id='word_1_208' title='bbox 631 2705 673 2769; x_wconf 89' lang='lat' dir='ltr'>W.</span> <span class='ocrx_word' id='word_1_209' title='bbox 689 2704 729 2768; x_wconf 85' lang='lat' dir='ltr'>dc</span> <span class='ocrx_word' id='word_1_210' title='bbox 746 2702 929 2786; x_wconf 70' lang='lat' dir='ltr'>damascia,</span> <span class='ocrx_word' id='word_1_211' title='bbox 944 2703 986 2766; x_wconf 88' lang='lat' dir='ltr'>P.</span> <span class='ocrx_word' id='word_1_212' title='bbox 1003 2702 1043 2765; x_wconf 82' lang='lat' dir='ltr'>dc</span> <span class='ocrx_word' id='word_1_213' title='bbox 1063 2702 1259 2787; x_wconf 69' lang='lat' dir='ltr'>Waltapabp,</span> 
     </span>
     <span class='ocr_line' id='line_1_25' title="bbox 111 2796 473 2862; baseline 0.006 -2"><span class='ocrx_word' id='word_1_214' title='bbox 111 2796 183 2860; x_wconf 86' lang='lat' dir='ltr'>aad</span> <span class='ocrx_word' id='word_1_215' title='bbox 197 2797 232 2861; x_wconf 79' lang='lat' dir='ltr'>J.</span> <span class='ocrx_word' id='word_1_216' title='bbox 249 2797 289 2861; x_wconf 83' lang='lat' dir='ltr'>dc</span> <span class='ocrx_word' id='word_1_217' title='bbox 304 2799 473 2862; x_wconf 82' lang='lat' dir='ltr'>Bcacstcd.</span> 
     </span>
    </p>
   </div>
   <div class='ocr_carea' id='block_1_5' title="bbox 108 2961 1341 3526">
    <p class='ocr_par' dir='ltr' id='par_1_8' title="bbox 108 2961 1341 3526">
     <span class='ocr_line' id='line_1_26' title="bbox 175 2961 1341 3046; baseline 0.005 -24"><span class='ocrx_word' id='word_1_218' title='bbox 175 2961 423 3023; x_wconf 91' lang='lat' dir='ltr'>Memorandum</span> <span class='ocrx_word' id='word_1_219' title='bbox 439 2962 524 3044; x_wconf 92' lang='lat' dir='ltr'>quod</span> <span class='ocrx_word' id='word_1_220' title='bbox 539 2963 635 3024; x_wconf 86' lang='lat' dir='ltr'>dictis</span> <span class='ocrx_word' id='word_1_221' title='bbox 658 2963 711 3025; x_wconf 91' lang='lat' dir='ltr'>die</span> <span class='ocrx_word' id='word_1_222' title='bbox 728 2967 762 3025; x_wconf 93' lang='lat' dir='ltr'>et</span> <span class='ocrx_word' id='word_1_223' title='bbox 776 2963 845 3024; x_wconf 91' lang='lat' dir='ltr'>loco</span> <span class='ocrx_word' id='word_1_224' title='bbox 867 2961 1007 3046; x_wconf 80' lang='lat' dir='ltr'>(Burton</span> <span class='ocrx_word' id='word_1_225' title='bbox 1026 2961 1122 3044; x_wconf 85' lang='lat' dir='ltr'>juxta</span> <span class='ocrx_word' id='word_1_226' title='bbox 1138 2963 1259 3024; x_wconf 90' lang='lat' dir='ltr'>Beuer-</span> <span class='ocrx_word' id='word_1_227' title='bbox 1285 2967 1341 3028; x_wconf 80' lang='lat'>(71)</span> 
     </span>
     <span class='ocr_line' id='line_1_27' title="bbox 109 3057 1259 3142; baseline 0.001 -24"><span class='ocrx_word' id='word_1_228' title='bbox 109 3057 177 3133; x_wconf 90' lang='lat' dir='ltr'>lac;</span> <span class='ocrx_word' id='word_1_229' title='bbox 201 3057 224 3140; x_wconf 92' lang='lat' dir='ltr'>ij</span> <span class='ocrx_word' id='word_1_230' title='bbox 253 3059 338 3120; x_wconf 88' lang='lat' dir='ltr'>Non.</span> <span class='ocrx_word' id='word_1_231' title='bbox 369 3059 444 3140; x_wconf 89' lang='lat' dir='ltr'>Apr.</span> <span class='ocrx_word' id='word_1_232' title='bbox 473 3057 574 3142; x_wconf 84' lang='lat'>1302)</span> <span class='ocrx_word' id='word_1_233' title='bbox 601 3057 766 3122; x_wconf 87' lang='lat' dir='ltr'>Johannes</span> <span class='ocrx_word' id='word_1_234' title='bbox 793 3060 925 3120; x_wconf 88' lang='lat' dir='ltr'>Tinctor</span> <span class='ocrx_word' id='word_1_235' title='bbox 950 3058 990 3119; x_wconf 93' lang='lat' dir='ltr'>de</span> <span class='ocrx_word' id='word_1_236' title='bbox 1018 3058 1142 3139; x_wconf 87' lang='lat' dir='ltr'>Rypon’</span> <span class='ocrx_word' id='word_1_237' title='bbox 1171 3061 1259 3119; x_wconf 91' lang='lat' dir='ltr'>cavit</span> 
     </span>
     <span class='ocr_line' id='line_1_28' title="bbox 108 3152 1258 3237; baseline 0.001 -23"><span class='ocrx_word' id='word_1_238' title='bbox 108 3174 216 3215; x_wconf 89' lang='lat' dir='ltr'>coram</span> <span class='ocrx_word' id='word_1_239' title='bbox 231 3155 363 3216; x_wconf 91' lang='lat' dir='ltr'>domino</span> <span class='ocrx_word' id='word_1_240' title='bbox 378 3156 419 3216; x_wconf 93' lang='lat' dir='ltr'>de</span> <span class='ocrx_word' id='word_1_241' title='bbox 435 3155 587 3216; x_wconf 91' lang='lat' dir='ltr'>solvendo</span> <span class='ocrx_word' id='word_1_242' title='bbox 601 3156 735 3216; x_wconf 90' lang='lat' dir='ltr'>terciam</span> <span class='ocrx_word' id='word_1_243' title='bbox 750 3160 877 3236; x_wconf 91' lang='lat' dir='ltr'>partem</span> <span class='ocrx_word' id='word_1_244' title='bbox 892 3155 987 3215; x_wconf 88' lang='lat' dir='ltr'>dictae</span> <span class='ocrx_word' id='word_1_245' title='bbox 1005 3154 1180 3235; x_wconf 86' lang='lat' dir='ltr'>praebendae</span> <span class='ocrx_word' id='word_1_246' title='bbox 1197 3152 1258 3237; x_wconf 89' lang='lat' dir='ltr'>(sc.</span> 
     </span>
     <span class='ocr_line' id='line_1_29' title="bbox 111 3248 1251 3335; baseline -0.003 -23"><span class='ocrx_word' id='word_1_247' title='bbox 111 3248 186 3312; x_wconf 85' lang='lat' dir='ltr'>Joh.</span> <span class='ocrx_word' id='word_1_248' title='bbox 203 3249 340 3335; x_wconf 82' lang='lat' dir='ltr'>Brante)</span> <span class='ocrx_word' id='word_1_249' title='bbox 355 3252 510 3332; x_wconf 85' lang='lat' dir='ltr'>magistro</span> <span class='ocrx_word' id='word_1_250' title='bbox 531 3250 665 3313; x_wconf 89' lang='lat' dir='ltr'>Thomae</span> <span class='ocrx_word' id='word_1_251' title='bbox 687 3252 727 3313; x_wconf 91' lang='lat' dir='ltr'>de</span> <span class='ocrx_word' id='word_1_252' title='bbox 753 3251 879 3313; x_wconf 82' lang='lat' dir='ltr'>Malton</span> <span class='ocrx_word' id='word_1_253' title='bbox 896 3250 947 3310; x_wconf 89' lang='lat' dir='ltr'>vel</span> <span class='ocrx_word' id='word_1_254' title='bbox 972 3270 1029 3310; x_wconf 90' lang='lat' dir='ltr'>suo</span> <span class='ocrx_word' id='word_1_255' title='bbox 1050 3251 1251 3330; x_wconf 87' lang='lat' dir='ltr'>procuratori</span> 
     </span>
     <span class='ocr_line' id='line_1_30' title="bbox 112 3345 1259 3428; baseline 0.001 -21"><span class='ocrx_word' id='word_1_256' title='bbox 112 3348 291 3408; x_wconf 91' lang='lat' dir='ltr'>secundum</span> <span class='ocrx_word' id='word_1_257' title='bbox 307 3348 544 3409; x_wconf 86' lang='lat' dir='ltr'>ordinacionem</span> <span class='ocrx_word' id='word_1_258' title='bbox 567 3349 691 3409; x_wconf 92' lang='lat' dir='ltr'>domini</span> <span class='ocrx_word' id='word_1_259' title='bbox 715 3394 723 3410; x_wconf 91' lang='lat'><strong>.</strong></span> <span class='ocrx_word' id='word_1_260' title='bbox 748 3395 755 3410; x_wconf 93' lang='lat'>.</span> <span class='ocrx_word' id='word_1_261' title='bbox 781 3395 788 3410; x_wconf 93' lang='lat'>.</span> <span class='ocrx_word' id='word_1_262' title='bbox 812 3346 1063 3428; x_wconf 87' lang='lat' dir='ltr'>Archiepiscopi,</span> <span class='ocrx_word' id='word_1_263' title='bbox 1080 3351 1114 3407; x_wconf 90' lang='lat' dir='ltr'>et</span> <span class='ocrx_word' id='word_1_264' title='bbox 1136 3347 1176 3407; x_wconf 88' lang='lat' dir='ltr'>ad</span> <span class='ocrx_word' id='word_1_265' title='bbox 1199 3345 1259 3408; x_wconf 89' lang='lat' dir='ltr'>boc</span> 
     </span>
     <span class='ocr_line' id='line_1_31' title="bbox 108 3441 911 3526; baseline 0.002 -23"><span class='ocrx_word' id='word_1_266' title='bbox 108 3441 173 3504; x_wconf 79' lang='lat' dir='ltr'>fuit</span> <span class='ocrx_word' id='word_1_267' title='bbox 188 3464 247 3524; x_wconf 91' lang='lat' dir='ltr'>per</span> <span class='ocrx_word' id='word_1_268' title='bbox 262 3444 414 3526; x_wconf 82' lang='lat' dir='ltr'>praecepti</span> <span class='ocrx_word' id='word_1_269' title='bbox 431 3446 630 3506; x_wconf 90' lang='lat' dir='ltr'>sentenciam</span> <span class='ocrx_word' id='word_1_270' title='bbox 646 3445 911 3525; x_wconf 88' lang='lat' dir='ltr'>condempnatus.</span> 
     </span>
    </p>
   </div>
   <div class='ocr_carea' id='block_1_6' title="bbox 107 3603 1438 4554">
    <p class='ocr_par' dir='ltr' id='par_1_9' title="bbox 107 3603 1438 4554">
     <span class='ocr_line' id='line_1_32' title="bbox 175 3603 1429 3689; baseline -0.003 -22"><span class='ocrx_word' id='word_1_271' title='bbox 175 3603 424 3687; x_wconf 74' lang='lat' dir='ltr'>Depradatt&#39;oas</span> <span class='ocrx_word' id='word_1_272' title='bbox 440 3605 479 3688; x_wconf 86' lang='lat' dir='ltr'>of</span> <span class='ocrx_word' id='word_1_273' title='bbox 489 3605 558 3689; x_wconf 79' lang='lat' dir='ltr'>fiac</span> <span class='ocrx_word' id='word_1_274' title='bbox 573 3604 672 3668; x_wconf 72' lang='lat' dir='ltr'>cicalae</span> <span class='ocrx_word' id='word_1_275' title='bbox 687 3604 902 3689; x_wconf 76' lang='lat' dir='ltr'>imprisoacd</span> <span class='ocrx_word' id='word_1_276' title='bbox 917 3610 953 3667; x_wconf 83' lang='lat' dir='ltr'>at</span> <span class='ocrx_word' id='word_1_277' title='bbox 967 3603 1096 3688; x_wconf 81' lang='lat' dir='ltr'>Ripoa,</span> <span class='ocrx_word' id='word_1_278' title='bbox 1112 3604 1256 3688; x_wconf 74' lang='lat' dir='ltr'>aaracly,</span> <span class='ocrx_word' id='word_1_279' title='bbox 1298 3619 1336 3678; x_wconf 82' lang='lat'>71)</span> <span class='ocrx_word' id='word_1_280' title='bbox 1427 3615 1429 3618; x_wconf 54' lang='lat'><em>⁴</em></span> 
     </span>
     <span class='ocr_line' id='line_1_33' title="bbox 115 3679 1438 3785; baseline -0.001 -21"><span class='ocrx_word' id='word_1_281' title='bbox 115 3699 201 3764; x_wconf 78' lang='lat' dir='ltr'>thl.</span> <span class='ocrx_word' id='word_1_282' title='bbox 226 3700 266 3763; x_wconf 85' lang='lat' dir='ltr'>dc</span> <span class='ocrx_word' id='word_1_283' title='bbox 288 3700 439 3783; x_wconf 73' lang='lat' dir='ltr'>Lyaacrc</span> <span class='ocrx_word' id='word_1_284' title='bbox 455 3701 517 3784; x_wconf 84' lang='lat' dir='ltr'>for</span> <span class='ocrx_word' id='word_1_285' title='bbox 540 3699 701 3782; x_wconf 74' lang='lat' dir='ltr'>barplary</span> <span class='ocrx_word' id='word_1_286' title='bbox 717 3707 753 3764; x_wconf 78' lang='lat' dir='ltr'>at</span> <span class='ocrx_word' id='word_1_287' title='bbox 775 3699 929 3783; x_wconf 70' lang='lat' dir='ltr'>Bappcbp</span> <span class='ocrx_word' id='word_1_288' title='bbox 950 3699 992 3763; x_wconf 81' lang='lat' dir='ltr'>ia</span> <span class='ocrx_word' id='word_1_289' title='bbox 1013 3700 1208 3785; x_wconf 80' lang='lat' dir='ltr'>Wapcatalcc</span> <span class='ocrx_word' id='word_1_290' title='bbox 1222 3701 1262 3784; x_wconf 86' lang='lat' dir='ltr'>of</span> <span class='ocrx_word' id='word_1_291' title='bbox 1282 3679 1404 3782; x_wconf 47' lang='lat' dir='ltr'>ffigffi*</span> <span class='ocrx_word' id='word_1_292' title='bbox 1431 3774 1438 3785; x_wconf 29' lang='grc' dir='ltr'>ι</span> 
     </span>
     <span class='ocr_line' id='line_1_34' title="bbox 108 3795 1422 3901; baseline -0.001 -42"><span class='ocrx_word' id='word_1_293' title='bbox 108 3795 349 3879; x_wconf 79' lang='lat' dir='ltr'>Braddcford;</span> <span class='ocrx_word' id='word_1_294' title='bbox 372 3795 448 3860; x_wconf 77' lang='lat' dir='ltr'>Joa.</span> <span class='ocrx_word' id='word_1_295' title='bbox 472 3797 512 3860; x_wconf 86' lang='lat' dir='ltr'>dc</span> <span class='ocrx_word' id='word_1_296' title='bbox 534 3796 664 3879; x_wconf 75' lang='lat' dir='ltr'>Elbelcy</span> <span class='ocrx_word' id='word_1_297' title='bbox 680 3796 742 3880; x_wconf 76' lang='lat' dir='ltr'>for</span> <span class='ocrx_word' id='word_1_298' title='bbox 765 3795 908 3878; x_wconf 76' lang='lat' dir='ltr'>sicaliap</span> <span class='ocrx_word' id='word_1_299' title='bbox 930 3817 952 3858; x_wconf 93' lang='lat' dir='ltr'>a</span> <span class='ocrx_word' id='word_1_300' title='bbox 966 3795 1040 3859; x_wconf 78' lang='lat' dir='ltr'>robe</span> <span class='ocrx_word' id='word_1_301' title='bbox 1056 3803 1091 3860; x_wconf 83' lang='lat' dir='ltr'>at</span> <span class='ocrx_word' id='word_1_302' title='bbox 1106 3796 1256 3879; x_wconf 52' lang='lat' dir='ltr'>Elaeam</span> <span class='ocrx_word' id='word_1_303' title='bbox 1281 3795 1422 3901; x_wconf 44' lang='lat' dir='ltr'>mm</span> 
     </span>
     <span class='ocr_line' id='line_1_35' title="bbox 108 3891 1373 3976; baseline 0.003 -22"><span class='ocrx_word' id='word_1_304' title='bbox 108 3892 224 3956; x_wconf 76' lang='lat' dir='ltr'>Adara</span> <span class='ocrx_word' id='word_1_305' title='bbox 247 3892 288 3955; x_wconf 87' lang='lat' dir='ltr'>dc</span> <span class='ocrx_word' id='word_1_306' title='bbox 303 3892 432 3955; x_wconf 82' lang='lat' dir='ltr'>Fcatoa</span> <span class='ocrx_word' id='word_1_307' title='bbox 449 3892 510 3976; x_wconf 83' lang='lat' dir='ltr'>sor</span> <span class='ocrx_word' id='word_1_308' title='bbox 532 3891 583 3956; x_wconf 78' lang='lat' dir='ltr'>ihc</span> <span class='ocrx_word' id='word_1_309' title='bbox 599 3892 697 3956; x_wconf 78' lang='lat' dir='ltr'>death</span> <span class='ocrx_word' id='word_1_310' title='bbox 713 3893 752 3976; x_wconf 85' lang='lat' dir='ltr'>of</span> <span class='ocrx_word' id='word_1_311' title='bbox 769 3891 853 3957; x_wconf 79' lang='lat' dir='ltr'>Will.</span> <span class='ocrx_word' id='word_1_312' title='bbox 869 3892 1012 3956; x_wconf 81' lang='lat' dir='ltr'>Poltard</span> <span class='ocrx_word' id='word_1_313' title='bbox 1028 3899 1062 3955; x_wconf 82' lang='lat' dir='ltr'>at</span> <span class='ocrx_word' id='word_1_314' title='bbox 1078 3892 1256 3967; x_wconf 61' lang='lat' dir='ltr'>Hecatom</span> <span class='ocrx_word' id='word_1_315' title='bbox 1282 3913 1373 3958; x_wconf 71' lang='lat' dir='ltr'>onmes.</span> 
     </span>
     <span class='ocr_line' id='line_1_36' title="bbox 107 3985 1257 4073; baseline -0.001 -21"><span class='ocrx_word' id='word_1_316' title='bbox 107 3990 209 4072; x_wconf 76' lang='lat' dir='ltr'>Hapo</span> <span class='ocrx_word' id='word_1_317' title='bbox 231 3989 271 4052; x_wconf 79' lang='lat' dir='ltr'>alc</span> <span class='ocrx_word' id='word_1_318' title='bbox 286 3988 430 4053; x_wconf 79' lang='lat' dir='ltr'>Pcarctlr</span> <span class='ocrx_word' id='word_1_319' title='bbox 446 3990 508 4073; x_wconf 81' lang='lat' dir='ltr'>for</span> <span class='ocrx_word' id='word_1_320' title='bbox 528 3989 689 4072; x_wconf 72' lang='lat' dir='ltr'>barrptary</span> <span class='ocrx_word' id='word_1_321' title='bbox 705 3997 739 4052; x_wconf 79' lang='lat' dir='ltr'>at</span> <span class='ocrx_word' id='word_1_322' title='bbox 758 3988 1008 4071; x_wconf 75' lang='lat' dir='ltr'>Driapboases,·</span> <span class='ocrx_word' id='word_1_323' title='bbox 1032 3988 1103 4051; x_wconf 87' lang='lat' dir='ltr'>aad</span> <span class='ocrx_word' id='word_1_324' title='bbox 1124 3985 1200 4050; x_wconf 75' lang='lat' dir='ltr'>Tito.</span> <span class='ocrx_word' id='word_1_325' title='bbox 1217 3987 1257 4051; x_wconf 85' lang='lat' dir='ltr'>dc</span> 
     </span>
     <span class='ocr_line' id='line_1_37' title="bbox 107 4082 1255 4168; baseline -0.001 -21"><span class='ocrx_word' id='word_1_326' title='bbox 107 4084 250 4149; x_wconf 79' lang='lat' dir='ltr'>Pcarcth</span> <span class='ocrx_word' id='word_1_327' title='bbox 262 4085 325 4168; x_wconf 84' lang='lat' dir='ltr'>for</span> <span class='ocrx_word' id='word_1_328' title='bbox 341 4084 503 4168; x_wconf 67' lang='lat' dir='ltr'>baralary</span> <span class='ocrx_word' id='word_1_329' title='bbox 518 4093 554 4149; x_wconf 80' lang='lat' dir='ltr'>at</span> <span class='ocrx_word' id='word_1_330' title='bbox 571 4084 733 4168; x_wconf 75' lang='lat' dir='ltr'>Pobcslcy,</span> <span class='ocrx_word' id='word_1_331' title='bbox 750 4085 798 4148; x_wconf 80' lang='lat' dir='ltr'>all</span> <span class='ocrx_word' id='word_1_332' title='bbox 814 4083 940 4167; x_wconf 76' lang='lat' dir='ltr'>baciap</span> <span class='ocrx_word' id='word_1_333' title='bbox 956 4082 1094 4166; x_wconf 75' lang='lat' dir='ltr'>tbcfiret</span> <span class='ocrx_word' id='word_1_334' title='bbox 1110 4090 1255 4146; x_wconf 79' lang='lat' dir='ltr'>tonsure.</span> 
     </span>
     <span class='ocr_line' id='line_1_38' title="bbox 107 4179 1256 4265; baseline -0.002 -21"><span class='ocrx_word' id='word_1_335' title='bbox 107 4179 356 4262; x_wconf 72' lang='lat' dir='ltr'>Depradata&#39;oas</span> <span class='ocrx_word' id='word_1_336' title='bbox 371 4180 443 4244; x_wconf 80' lang='lat' dir='ltr'>toolo</span> <span class='ocrx_word' id='word_1_337' title='bbox 454 4181 551 4265; x_wconf 80' lang='lat' dir='ltr'>placa</span> <span class='ocrx_word' id='word_1_338' title='bbox 566 4188 601 4243; x_wconf 78' lang='lat' dir='ltr'>at</span> <span class='ocrx_word' id='word_1_339' title='bbox 616 4180 667 4244; x_wconf 75' lang='lat' dir='ltr'>ihc</span> <span class='ocrx_word' id='word_1_340' title='bbox 688 4182 766 4246; x_wconf 85' lang='lat' dir='ltr'>Wcst</span> <span class='ocrx_word' id='word_1_341' title='bbox 782 4182 864 4244; x_wconf 84' lang='lat' dir='ltr'>door</span> <span class='ocrx_word' id='word_1_342' title='bbox 879 4181 918 4264; x_wconf 84' lang='lat' dir='ltr'>of</span> <span class='ocrx_word' id='word_1_343' title='bbox 929 4179 1047 4262; x_wconf 78' lang='lat' dir='ltr'>Ripoa</span> <span class='ocrx_word' id='word_1_344' title='bbox 1059 4179 1202 4240; x_wconf 77' lang='lat' dir='ltr'>Miastcr</span> <span class='ocrx_word' id='word_1_345' title='bbox 1211 4199 1256 4242; x_wconf 85' lang='lat' dir='ltr'>oa</span> 
     </span>
     <span class='ocr_line' id='line_1_39' title="bbox 108 4273 1256 4360; baseline -0.001 -21"><span class='ocrx_word' id='word_1_346' title='bbox 108 4276 238 4360; x_wconf 75' lang='lat' dir='ltr'>Fra&#39;day</span> <span class='ocrx_word' id='word_1_347' title='bbox 263 4277 314 4339; x_wconf 78' lang='lat' dir='ltr'>tae</span> <span class='ocrx_word' id='word_1_348' title='bbox 340 4298 485 4340; x_wconf 82' lang='lat' dir='ltr'>aaorrow</span> <span class='ocrx_word' id='word_1_349' title='bbox 510 4277 549 4360; x_wconf 90' lang='lat' dir='ltr'>of</span> <span class='ocrx_word' id='word_1_350' title='bbox 569 4276 755 4341; x_wconf 79' lang='lat' dir='ltr'>Asccasa&#39;oa</span> <span class='ocrx_word' id='word_1_351' title='bbox 780 4278 866 4358; x_wconf 72' lang='lat' dir='ltr'>Dap,</span> <span class='ocrx_word' id='word_1_352' title='bbox 885 4280 924 4338; x_wconf 89' lang='grc'>16</span> <span class='ocrx_word' id='word_1_353' title='bbox 946 4273 1025 4338; x_wconf 86' lang='lat' dir='ltr'>Kal.</span> <span class='ocrx_word' id='word_1_354' title='bbox 1046 4275 1133 4339; x_wconf 87' lang='lat' dir='ltr'>Jaa.</span> <span class='ocrx_word' id='word_1_355' title='bbox 1160 4279 1256 4354; x_wconf 84' lang='lat'>1303,</span> 
     </span>
     <span class='ocr_line' id='line_1_40' title="bbox 109 4372 1257 4459; baseline -0.002 -24"><span class='ocrx_word' id='word_1_356' title='bbox 109 4375 340 4456; x_wconf 88' lang='lat' dir='ltr'>‘praesentibus</span> <span class='ocrx_word' id='word_1_357' title='bbox 371 4375 511 4436; x_wconf 90' lang='lat' dir='ltr'>dominis</span> <span class='ocrx_word' id='word_1_358' title='bbox 539 4376 657 4459; x_wconf 85' lang='lat' dir='ltr'>Egidio</span> <span class='ocrx_word' id='word_1_359' title='bbox 687 4377 727 4438; x_wconf 92' lang='lat' dir='ltr'>de</span> <span class='ocrx_word' id='word_1_360' title='bbox 751 4374 944 4437; x_wconf 88' lang='lat' dir='ltr'>Audenardo</span> <span class='ocrx_word' id='word_1_361' title='bbox 967 4377 1002 4432; x_wconf 85' lang='lat' dir='ltr'>et</span> <span class='ocrx_word' id='word_1_362' title='bbox 1024 4372 1105 4454; x_wconf 86' lang='lat' dir='ltr'>Rog.</span> <span class='ocrx_word' id='word_1_363' title='bbox 1131 4372 1257 4454; x_wconf 85' lang='lat' dir='ltr'>Swayn,</span> 
     </span>
     <span class='ocr_line' id='line_1_41' title="bbox 110 4466 1258 4554; baseline 0 -24"><span class='ocrx_word' id='word_1_364' title='bbox 110 4472 267 4533; x_wconf 88' lang='lat' dir='ltr'>canonicis</span> <span class='ocrx_word' id='word_1_365' title='bbox 283 4470 411 4554; x_wconf 84' lang='lat' dir='ltr'>Ripon&#39;,</span> <span class='ocrx_word' id='word_1_366' title='bbox 426 4471 565 4534; x_wconf 90' lang='lat' dir='ltr'>dominis</span> <span class='ocrx_word' id='word_1_367' title='bbox 581 4471 712 4535; x_wconf 82' lang='lat' dir='ltr'>Simone</span> <span class='ocrx_word' id='word_1_368' title='bbox 735 4470 844 4550; x_wconf 87' lang='lat' dir='ltr'>Ward,</span> <span class='ocrx_word' id='word_1_369' title='bbox 860 4469 940 4532; x_wconf 88' lang='lat' dir='ltr'>Rob.</span> <span class='ocrx_word' id='word_1_370' title='bbox 956 4467 997 4528; x_wconf 90' lang='lat' dir='ltr'>de</span> <span class='ocrx_word' id='word_1_371' title='bbox 1021 4466 1207 4550; x_wconf 83' lang='lat' dir='ltr'>Coinghers,</span> <span class='ocrx_word' id='word_1_372' title='bbox 1223 4473 1258 4530; x_wconf 85' lang='lat' dir='ltr'>et</span> 
     </span>
    </p>
   </div>
   <div class='ocr_carea' id='block_1_7' title="bbox 0 0 1542 5032">
    <p class='ocr_par' dir='ltr' id='par_1_10' title="bbox 0 0 1542 5032">
     <span class='ocr_line' id='line_1_42' title="bbox 0 0 1542 5032; baseline 0 1"><span class='ocrx_word' id='word_1_373' title='bbox 0 0 1542 5032; x_wconf 95' lang='lat' dir='ltr'> </span> 
     </span>
    </p>
   </div>
  </div>
 </body>
</html>
