3074 5032
186 351 188 356 .
303 323 474 378 11111111
499 307 597 377 raon
623 324 957 390 1111111111111;
984 297 1064 376 nnn
1359 301 1434 375 1611

108 491 309 569 absentibus,
325 491 451 573 praefati
473 494 615 556 ministri
630 513 687 575 per
709 492 789 555 dicti
804 493 937 554 rectoris
953 489 1041 554 chori
1061 491 1256 573 deputatum

109 588 321 670 corrigantur.

176 681 258 744 Cum
273 703 330 764 per
341 684 474 764 antiqua
488 685 584 746 dictae
594 685 736 746 ecclesiae
751 683 894 746 statuta¹
911 684 955 746 sit
969 683 1079 746 debite
1093 682 1259 765 provisum
1281 689 1397 737 Novicar

108 783 148 840 ut
173 778 284 841 nullus
308 780 444 842 vicarius
471 783 512 844 ad
538 782 680 864 aliquam
703 783 852 843 vicariam
874 782 910 842 in
937 781 1024 843 dicta
1046 780 1182 842 ecclesia
1202 778 1260 840 ad·
1282 749 1425 854 {lima

110 876 272 954 mittatur,
288 876 352 937 nisi
367 877 424 958 qui
439 877 593 939 inventus
609 877 708 939 tuerit
721 875 840 938 habilis
856 881 891 938 et
905 877 1050 958 ydoneus
1066 875 1208 939 moribus
1224 878 1259 936 et
1282 868 1328 972 {52⁸⁸
1337 867 1368 912 ¹¹⁸
1377 866 1436 971 bg*

111 971 247 1033 scientia
271 972 313 1033 ad
338 974 591 1035 ministrandum
618 978 818 1035 sacramenta
839 977 874 1034 11
900 971 1143 1034 sacramentalia
1167 989 1260 1052 paro·
1319 937 1388 986 perso
1421 992 1424 996 ·

109 1063 233 1128 chianis
262 1069 450 1151 caeterisque
480 1068 616 1130 fulcitus
646 1069 764 1150 quibus
794 1069 889 1130 decet
918 1071 1068 1129 curatum
1098 1065 1259 1149 insigniri,

109 1160 340 1225 nichilominus
350 1169 473 1240 tamen,
485 1169 523 1227 ut
539 1165 720 1246 accepimus
735 1185 776 1227 ex
789 1164 1024 1247 fidedignorum
1038 1162 1259 1238 intimaeione,

111 1257 197 1339 quod
219 1259 350 1340 quidam
372 1260 495 1322 indocti
509 1281 546 1321 ac
568 1260 711 1322 moribus
728 1265 763 1322 et
778 1261 914 1321 scientia
928 1278 1043 1341 parum
1057 1258 1186 1340 ydonei,
1201 1277 1260 1338 per

112 1351 345 1417 Christoferum
366 1355 517 1438 Dragley,
533 1356 628 1418 dictae
652 1355 793 1418 ecclesiae
815 1355 1054 1436 praesidentem,
1069 1354 1148 1416 dum
1163 1352 1259 1415 solus

110 1449 277 1526 resideret,
307 1450 347 1512 ad
375 1452 508 1513 vicarias
538 1452 660 1514 ibidem
689 1451 961 1527 admittebantur,
986 1454 1021 1512 et
1051 1450 1108 1531 qui
1139 1449 1259 1531 seipsos

111 1545 246 1606 minime
262 1550 388 1623 curant,
402 1546 538 1607 aliarum
553 1567 637 1607 curae
658 1545 876 1628 praeficiantur
895 1546 1088 1623 animarum,
1103 1565 1201 1627 quam
1217 1543 1258 1606 ob

110 1659 181 1700 rem
195 1640 257 1702 tibi
272 1639 466 1703 Cristoferc²
480 1641 622 1724 Dragley
633 1642 821 1723 oaeterisque
833 1642 995 1703 canonicis
1011 1641 1107 1703 dictae
1117 1640 1258 1702 ecclesiae

110 1735 326 1819 injungimus,
349 1738 564 1819 praecipimus,
588 1743 622 1798 et
648 1739 851 1815 mandamus,
871 1737 1027 1818 quatinus
1054 1757 1115 1799 nec
1136 1740 1176 1797 tu
1197 1756 1258 1797 nec
1281 1745 1407 1818 Nooneto

110 1832 282 1913 quisquam
297 1837 442 1893 vestrum
454 1833 551 1910 solus,
566 1832 708 1915 aliquem
724 1833 765 1894 ad
780 1852 890 1894 curam
907 1833 1089 1893 animarum
1103 1831 1258 1892 admittas
1280 1805 1432 1910 {imm

110 1947 171 1988 nec
196 1928 360 2005 admittat,
387 1929 445 1990 sed
471 1949 546 1989 cum
573 1948 731 1990 consensu
756 1929 859 1990 totius
883 1927 1019 2009 capituli
1046 1948 1104 1990 seu
1128 1924 1258 2008 majoris
1281 1923 1431 1971 theumoni

110 2023 210 2104 partis
234 2021 392 2104 ejusdem,
414 2023 510 2106 juxta
535 2025 671 2105 antiqua
697 2028 821 2086 statuta
835 2025 931 2086 dictae
947 2023 1101 2100 ecclesiae,
1115 2022 1258 2106 diligens
1277 1981 1390 2099 10111111

110 2119 281 2200 inquisicio
303 2121 386 2181 circa
408 2118 595 2202 hujusmodi
620 2121 812 2182 vicariorum
834 2119 1063 2181 admissionem
1089 2118 1200 2181 debite
1223 2122 1258 2181 et
1282 2097 1394 2158 chapter.

109 2219 236 2276 attente
251 2214 310 2278 fiat
325 2221 359 2277 et
370 2213 572 2278 adhibeatur.
610 2217 654 2278 Et
670 2216 698 2277 si
713 2217 757 2277 sit
772 2235 859 2277 unus
873 2219 1004 2277 tantum
1014 2215 1196 2292 canonicus,
1205 2213 1259 2276 vel

109 2309 254 2372 fortassis
270 2312 337 2372 sint
360 2312 424 2373 duo
439 2316 570 2373 tantum
585 2312 731 2373 canonici
746 2312 781 2372 in
796 2311 893 2374 domo
907 2310 1088 2393 capitulari,
1103 2311 1160 2392 qui
1174 2310 1259 2370 circa

110 2403 297 2486 hujusmodi
319 2407 548 2469 admissionem
570 2408 759 2470 concordare
781 2411 958 2488 nequeant,
976 2411 1049 2469 tum
1072 2426 1130 2489 pro
1144 2403 1260 2487 hujus-

111 2501 198 2562 modi
221 2502 377 2564 discordia
398 2502 548 2580 sedanda,
563 2503 690 2584 praefati
711 2503 859 2564 canonici
880 2503 922 2565 ad
943 2522 1013 2579 nos,
1029 2503 1056 2563 si
1078 2500 1162 2563 infra
1177 2501 1258 2563 (1111-

109 2597 210 2658 111111
224 2601 283 2659 111
297 2598 496 2679 provinciam
510 2604 654 2660 nostram
669 2604 748 2659 tunc
763 2598 933 2675 fuerimus,
947 2597 1111 2675 accedant,
1128 2601 1259 2658 senten-

109 2694 192 2754 ciam
207 2699 350 2755 nostram
366 2697 401 2755 et
415 2714 609 2756 consensum
624 2701 771 2756 nostrum
785 2695 822 2756 in
839 2692 899 2756 hac
913 2698 1004 2776 parte
1021 2693 1208 2776 spectaturi,
1223 2697 1257 2754 11

110 2789 215 2850 eidem
241 2790 378 2871 parituri
390 2811 399 2864 3
428 2789 455 2850 11
477 2809 536 2852 111
559 2794 650 2852 extra
672 2790 873 2872 provinciam
902 2793 962 2851 aut
991 2789 1157 2852 dioecesim
1187 2807 1257 2850 esse

108 2884 293 2967 contigerit,
323 2885 364 2946 ad
395 2885 551 2947 vicariurn
581 2892 729 2948 nostrum
753 2886 788 2946 in
819 2884 1042 2967 spiritualibus
1071 2884 1257 2966 generalem

108 2980 273 3058 accedant,
285 2979 356 3063 ejus
372 2981 570 3042 sentenciam
586 2985 620 3043 et
635 3000 828 3042 consensum
843 2979 1046 3061 expectaturi
1060 2984 1096 3042 et
1109 2979 1256 3062 parituri.

176 3073 258 3137 Cum
296 3097 335 3137 ex
378 3077 585 3158 antiquorum
624 3080 823 3138 statutorum
859 3075 1006 3157 ejusdem
1043 3074 1256 3156 disposicione
1281 3086 1387 3135 Itisthe
1433 3129 1436 3132 ⁴
1475 3067 1477 3070 ’

109 3170 233 3251 liqueat
254 3172 425 3234 manifeste
448 3173 489 3234 ad
510 3170 702 3233 thesaurarii
723 3171 825 3252 ipsius
847 3171 989 3233 ecclesiae
1004 3170 1146 3231 officium
1168 3189 1258 3251 spec·
1279 3146 1431 3253 Qfssh‘

109 3270 191 3345 tare,
207 3271 245 3328 ut
267 3287 431 3330 summum
453 3268 553 3329 altare
576 3267 804 3331 venerabiliter
826 3267 1037 3344 custodiatur,
1053 3285 1090 3327 ac
1105 3265 1207 3328 semel
1221 3265 1257 3326 in
1279 3265 1400 3369 lilim

110 3361 286 3424 ebdomada
308 3383 365 3445 per
380 3384 414 3425 se
429 3363 481 3426 vel
503 3384 671 3445 persuum
693 3365 888 3446 deputatum
902 3363 1010 3425 videat
1024 3365 1063 3423 ut
1085 3361 1260 3424 luminaria
1280 3337 1405 3444 locedii}
1488 3353 1490 3359 ἲ

110 3455 244 3519 honeste
270 3459 490 3537 observentur,
514 3480 563 3521 ac.
576 3458 792 3521 lintheamina
817 3465 852 3520 et
878 3458 986 3520 omnia
1010 3458 1073 3520 alia
1095 3458 1136 3520 ad
1159 3477 1258 3520 usum
1280 3441 1368 3547 {w

111 3552 191 3614 dicti
215 3554 324 3616 altaris
348 3557 527 3618 necessaria
555 3556 677 3618 munda
702 3560 881 3632 serventur,
908 3558 942 3616 11
966 3554 1147 3636 prospiceat
1172 3554 1259 3636 quod
1343 3531 1351 3547 ⁸

109 3648 221 3709 lumen
237 3651 428 3712 continuum
450 3672 556 3713 coram
581 3651 786 3714 Sacramentc
809 3648 976 3729 habeatur,
992 3651 1068 3732 quia
1088 3653 1200 3712 tamen
1219 3654 1260 3713 ut

110 3764 150 3804 ex
183 3745 316 3825 querela
345 3747 572 3808 canonicorum
608 3747 703 3808 dictae
734 3746 875 3808 ecclesiae
905 3746 1086 3827 accepimus
1116 3743 1261 3808 Christo-

108 3838 214 3901 ferum
237 3840 377 3924 Dragley
391 3841 630 3904 thesaurarium
650 3843 687 3903 in
703 3841 816 3904 eadem
832 3841 967 3903 ecclesia
987 3839 1175 3924 hujusmodi
1191 3845 1258 3902 sta-

107 3940 182 3997 tuta
197 3940 232 3997 et
254 3936 451 3999 laudabilem
467 3935 898 4014 consuetudinemviolasse,
912 3935 975 3998 tibi
996 3936 1099 4018 igitur
1114 3933 1259 3999 Christo·

107 4029 176 4092 iero
199 4031 341 4115 Dragley
356 4031 556 4095 thesaurario
571 4033 736 4095 antedicto
756 4036 871 4093 tenore
885 4032 1095 4113 praesentium
1111 4030 1258 4092 districte

108 4124 322 4208 injungimus,
338 4129 552 4209 praecipimus,
568 4134 603 4190 et
625 4128 827 4205 mandamus,
849 4127 1004 4208 quatinus
1025 4126 1114 4188 dicta
1135 4128 1259 4186 statuta

109 4220 151 4282 ad
165 4218 321 4284 honorem
336 4224 397 4284 Dei
412 4224 617 4287 laudabiliter
632 4223 719 4285 edita
740 4223 844 4285 modis
859 4221 1009 4285 omnibus
1031 4241 1089 4305 per
1102 4226 1138 4283 te
1152 4218 1260 4282 obser-

168 4355 210 4424 (1)
230 4356 281 4415 See
295 4358 388 4425 above,
400 4376 426 4429 p.
441 4358 501 4413 118.

170 4433 212 4501 (2)
231 4434 288 4488 The
300 4435 355 4490 ‘O’
367 4454 430 4490 over
442 4454 477 4490 an
488 4453 603 4492 erasure.
638 4436 697 4492 The
708 4453 787 4492 name
799 4435 821 4491 is
834 4435 940 4508 usually
952 4433 982 4490 11
992 4433 1049 4490 this
1065 4433 1217 4503 document,
1229 4450 1260 4488 as

115 4511 268 4580 elsewhere,
281 4515 391 4571 written
403 4515 572 4588 ‘Xpofcrus’
