3074 5032
73 289 76 304 Ι
112 319 135 392 4
654 337 864 392 ’1116111116
890 339 934 392 61
960 340 1081 394 anor.

110 517 261 588 1611111111
285 509 438 589 11666116,
462 512 524 572 616.
544 504 665 570 directa
686 512 828 586 tantum,
851 527 916 570 161
938 506 1049 594 habita
1070 510 1181 573 tamen
1202 512 1372 574 mensione
1393 513 1434 575 da

109 576 195 635 le'
283 607 491 690 indulgencia
521 605 644 666 domini
674 624 775 687 papae,
806 624 866 665 nee
896 605 935 666 de
974 605 1090 668 ultima
1127 606 1281 685 clausula,
1312 609 1437 671 66111661

285 705 455 767 ‘volumus
480 700 612 778 autem,'
634 706 668 763 et
690 701 830 778 additur,
854 701 996 782 insuper,
1021 703 1270 786 ‘Indulgencias
1297 705 1338 767 ab
1362 705 1435 767 aliis

283 799 437 862 fratribus
453 797 646 878 coepiscopis
662 817 826 858 concessas
845 796 1091 859 confirmantes.’
1135 799 1235 860 Vobis
1251 820 1327 861 vero
1343 821 1436 863 man-

282 897 397 959 damus
412 896 566 978 quatinus
581 894 682 975 ipsius
699 893 840 954 ecclesiae
855 894 990 954 nuncios
1006 892 1194 956 immediate
1209 900 1283 976 post
1298 899 1435 959 nuncios

282 991 410 1055 fabricas
441 991 581 1052 ecelesiae
611 993 729 1050 nostrae
760 989 855 1050 Ebor.
885 990 1060 1070 recipiatis,
1091 995 1125 1052 et
1154 989 1215 1052 hoc
1245 993 1280 1053 in
1310 994 1434 1056 virtute

282 1089 478 1150 obedienciae
507 1087 644 1148 firmiter
674 1085 888 1168 injungimus.
934 1084 1009 1147 Dat.
1041 1087 1126 1167 apud
1149 1086 1285 1166 Wilton,
1317 1110 1337 1151 v
1366 1089 1432 1151 kal.

283 1183 453 1247 Decembr.
468 1203 553 1244 anno
568 1183 631 1243 xix.

106 1357 161 1418 (16)
318 1416 321 1421 ,
348 1338 472 1400 Mensis
487 1322 612 1398 Marcii.
659 1333 828 1414 Omnibus,
845 1340 907 1400 etc.
953 1325 1114 1419 inspectis
1130 1340 1227 1401 cartis
1249 1339 1375 1402 abbatis
1399 1347 1434 1403 61

104 1428 160 1521 ffij
169 1417 235 1520 12134
281 1439 460 1497 conventus
484 1435 524 1495 de
547 1424 706 1495 Fontibus
730 1437 764 1494 61
786 1423 943 1496 Johannis
967 1433 1026 1494 filii
1049 1433 1231 1512 Michaelis,
1246 1440 1281 1497 et
1295 1437 1433 1499 Walteri

104 1533 213 1590 Inspexi-
280 1531 341 1593 filii
358 1529 515 1613 Stephani
538 1525 721 1606 sacerdotis,
737 1533 772 1590 et
795 1529 873 1612 Reg'
888 1529 949 1591 filii
971 1530 1133 1612 Hugonis,
1150 1536 1185 1592 et
1199 1531 1356 1593 Willelmi
1371 1533 1433 1594 filii

104 1606 157 1637 mus
168 1593 195 1638 61

5 1652 7 1657 ’
103 1651 210 1696 chartea
282 1627 421 1689 Galfridi
436 1627 476 1688 de
493 1625 631 1687 Lardar¹
648 1630 682 1686 et
698 1618 844 1686 Gocelini
859 1626 899 1696 de
917 1626 1433 1707 81611611(16161116111611116116

102 1711 242 1814 ἷξξιᾝῖξω
280 1725 320 1786 16
346 1721 590 1803 Winlreresley3
614 1727 648 1784 et
678 1722 833 1802 inspectis
862 1723 958 1809 cartis
988 1722 1099 1784 Aliciae
1130 1724 1294 1804 quondam
1324 1727 1432 1788 uxoris

102 1826 238 1931 ffiinksleg
280 1822 431 1903 Hugonis
454 1821 494 1882 de
518 1819 586 1880 But
610 1864 617 1880 .
643 1863 663 1893 .,
680 1825 714 1878 61
729 1818 806 1879 Adae
821 1816 881 1878 filii
904 1817 1055 1881 Jeremiae
1079 1819 1119 1880 de
1142 1820 1239 1880 terris
1262 1821 1298 1880 in
1314 1820 1432 1903 Ripon'

134 1900 187 1946 Μ’
280 1919 436 1978 concessis
452 1920 487 1978 et
498 1916 586 2003 datis·
599 1913 744 1976 Galfrido
759 1913 799 1974 16
812 1914 942 2003 Lardar,
954 1915 1105 1975 canonico
1117 1915 1252 1996 Ripon':
1276 1917 1431 1997 inspectis

280 2015 382 2075 eciam
397 2013 494 2073 cartis
510 2010 658 2071 Mariotae
671 2014 704 2070 et
719 2008 841 2086 Aliciae,
857 2009 996 2071 filiarum
1012 2015 1046 2071 et
1058 2008 1223 2073 haeredum
1237 2011 1374 2073 Walteri
1389 2013 1431 2075 de

279 2105 478 2191 Β61111111)2
493 2111 527 2168 et
542 2104 697 2167 Willelmi
716 2105 776 2164 filii
800 2104 974 2182 Gamelini,
991 2110 1026 2166 et
1041 2105 1121 2183 Ran’
1143 2107 1184 2168 de
1199 2107 1381 2190 Winkeley,
1396 2114 1431 2171 61

279 2204 370 2266 Petri
395 2193 455 2265 filii
482 2202 562 2283 61116,
591 2205 625 2262 61
651 2189 771 2289 Rogeri
795 2200 855 2261 filii
882 2198 1042 2263 Johannis
1061 2202 1101 2263 de
1122 2203 1201 2275 Delf
1216 2203 1257 2265 de
1275 2206 1371 2266 terris
1394 2205 1430 2268 in

102 2312 237 2373 Winkslsy,
277 2290 431 2382 praedicto
446 2298 608 2360 territorio
623 2297 664 2358 de
680 2296 880 2378 Winkesley,
890 2298 974 2359 datis
990 2297 1132 2360 ecclesiae
1144 2298 1260 2380 Ripon’
1268 2300 1304 2361 in
1314 2321 1431 2383 puram

279 2402 314 2458 et
350 2399 542 2477 perpetuam
580 2384 806 2455 elemosinam:
846 2397 880 2453 et
917 2393 1071 2474 inspectis
1109 2396 1204 2456 cartis
1234 2395 1267 2458 N
1290 2441 1298 2458 .
1323 2441 1332 2459 .
1357 2443 1365 2459 .
1388 2397 1430 2459 de

280 2483 435 2555 Bethlirn’
453 2491 493 2552 de
509 2490 735 2572 praedictarum
750 2492 909 2550 terrarum
924 2490 965 2550 de
981 2489 1147 2552 Winkerle
1163 2491 1428 2558 confirmacione:

280 2580 436 2671 inspectis
459 2588 559 2648 eciam
589 2586 685 2646 cartis
712 2585 905 2646 dilectorum
929 2585 1069 2647 filiorum
1094 2587 1227 2667 capituli
1253 2588 1371 2670 Ripon,
1396 2593 1431 2651 61

281 2685 425 2766 praedicti
438 2684 478 2744 (1.
496 2682 535 2742 16
552 2679 680 2743 Lardar’
695 2681 735 2742 de
752 2682 928 2743 earundem
942 2683 1146 2744 concessione
1163 2679 1198 2744 et'
1212 2684 1429 2761 ordinacione,

102 2795 254 2841 romaintain
281 2781 404 2842 scilicet
419 2779 458 2841 ad
476 2778 749 2839 sustentacionem
764 2778 862 2838 unius
878 2776 1046 2859 capellani,
1062 2778 1163 2858 quiin
1176 2779 1430 2844 66616616111161.3

103 2855 255 2958 ξοοὲθῗξὲῗᾞθ
280 2878 411 2937 missam
428 2874 569 2935 celebret
584 2873 703 2934 cotidie
718 2892 775 2953 pro
786 2865 959 2951 1611116116,
975 2894 1049 2935 cum
1065 2873 1201 2936 Placebo
1217 2881 1252 2937 et
1267 2876 1378 2959 Dirige
1394 2882 1429 2939 61

102 2973 189 3077 we
282 2961 569 3036 Commendacione
592 2969 721 3030 annue⁴
737 2969 773 3028 in
789 2973 995 3050 perpetuum,
1010 2990 1069 3032 nos
1084 2970 1175 3031 illam
1190 2970 1429 3034 ordinacionem

279 3105 393 3161 feliciter
406 3107 616 3170 consummetur,
630 3108 657 3154 61
675 3119 722 3172 per
736 3100 796 3154 haec
815 3107 843 3154 61
861 3101 914 3154 alia
932 3120 1001 3172 quae,
1013 3103 1128 3156 Domino
1147 3102 1303 3174 inspirante,
1315 3105 1429 3160 16661111

279 3188 313 3241 61
327 3192 436 3240 aterna
449 3183 552 3254 possint
564 3180 702 3235 felicitatis
720 3181 832 3251 praemia
844 3182 989 3251 pervenire.
1026 3182 1083 3235 Nos
1096 3188 1188 3235 autem
1200 3183 1232 3236 de
1245 3183 1429 3238 misericordia

279 3266 330 3320 Dei
350 3273 378 3318 61
398 3264 538 3318 beatorum
558 3260 752 3330 Apostolorum
771 3259 847 3313 Petri
868 3265 897 3314 61
918 3259 1005 3324 Pauli,
1017 3261 1212 3330 Apostolorum
1231 3261 1307 3333 Ejus,
1326 3262 1429 3331 confisi,

279 3345 403 3399 omnibus
416 3359 476 3395 vere
488 3338 681 3411 poenitentibus
693 3345 721 3391 61
733 3339 867 3405 confessis,
879 3337 924 3408 qui
937 3339 971 3391 61
983 3338 1063 3392 dictae
1073 3339 1190 3394 66616616
1199 3342 1429 3396 constructionem

280 3423 402 3478 debonis
414 3421 470 3474 suis
482 3417 657 3487 erogaverint,
670 3435 735 3470 xxx.
755 3418 811 3472 dies
829 3420 862 3472 de
879 3417 1001 3489 injuncta
1019 3417 1070 3471 sibi
1089 3419 1249 3488 poenitentia
1266 3421 1427 3476 relaxamus.

279 3503 412 3556 Volumus
426 3507 515 3552 autem
529 3496 600 3565 quod
613 3496 672 3548 haec
689 3495 857 3565 indulgentia
875 3497 953 3549 duret
971 3514 1018 3566 per
1035 3497 1198 3550 triennium!
1234 3497 1360 3568 [Printed
1371 3499 1428 3553 also

280 3581 307 3633 in
320 3599 336 3633 a
347 3597 428 3649 paper
441 3596 474 3629 on
489 3574 639 3629 Southwell
652 3574 767 3627 Minster
779 3575 816 3645 by
829 3577 896 3629 Rev.
910 3575 936 3629 J.
950 3576 981 3629 F.
995 3575 1110 3629 Dimoclr
1122 3577 1151 3628 in
1164 3576 1211 3629 the
1224 3577 1328 3648 Report
1341 3578 1372 3631 61
1380 3578 1428 3632 the

281 3657 440 3712 Associated
453 3653 583 3709 Societies
596 3653 626 3705 of
642 3652 838 3720 Lincolnshire,
850 3661 911 3720 616.,
922 3654 972 3706 but
991 3655 1072 3725 again
1090 3655 1153 3709 here
1172 3673 1201 3708 66
1213 3655 1292 3726 being
1310 3658 1358 3710 the
1370 3658 1429 3711 first

280 3734 308 3791 in
322 3756 370 3792 our
383 3736 462 3788 series
476 3734 507 3786 61
516 3732 692 3801 Indulgences
705 3732 746 3784 for
759 3732 848 3804 Ripon
860 3731 995 3804 Minster.]

336 3817 378 3885 (l)
399 3816 431 3867 In
445 3813 559 3881 margin.

336 3897 378 3964 (2)
399 3894 450 3957 Qu.
471 3890 579 3944 Betlim.

335 3975 377 4043 (3)
398 3975 493 4027 Oarion
508 3969 592 4023 Raine
606 3969 698 4021 thinks
711 3968 766 4022 this
777 3970 876 4024 should
888 3970 920 4024 be
934 3971 1056 4041 ‘Ripon,
1068 3988 1097 4024 as
1111 3972 1145 4024 he
1156 3972 1206 4025 has
1215 3971 1296 4025 found
1308 3990 1342 4028 16
1355 3979 1429 4030 traca

280 4055 312 4107 61
321 4055 366 4107 the
378 4053 549 4105 cndowment
561 4055 590 4099 61
603 4047 687 4100 Yorlr.

336 4135 379 4202 (4)
399 4132 444 4199 Or,
457 4133 465 4159 ‘
476 4126 590 4182 6111161’
604 4126 714 4196 (Ruina,
727 4143 753 4197 p.
767 4127 843 4196 243).
863 4127 919 4180 The
932 4128 1153 4182 ‘Commendatio
1166 4128 1275 4182 Animae
1285 4131 1291 4155 ’
1303 4130 1430 4185 however

281 4230 338 4265 was
356 4210 419 4263 used
432 4208 500 4262 with
519 4222 630 4278 persons
647 4206 677 4257 ia
695 4206 826 4272 caurensis,
844 4206 896 4259 but
913 4208 988 4260 there
1001 4225 1058 4260 was
1075 4208 1131 4260 also
1150 4208 1196 4260 the
1210 4207 1429 4263 ‘Commendatio

283 4288 461 4353 Animarunr,'
473 4303 503 4338 or
521 4289 528 4315 ‘
539 4283 792 4337 Commendatioues
805 4285 993 4348 Mortuorum,'
1005 4285 1047 4338 for
1059 4287 1107 4340 the
1119 4287 1264 4357 departed3
1282 4288 1328 4340 the
1346 4288 1429 4343 latter

282 4369 305 4420 is
317 4369 380 4421 hera
393 4370 490 4417 meant.
510 4364 561 4416 Sea
578 4363 607 4413 Y
604 4363 651 4415 ork
664 4363 787 4429 Maaaol,
801 4371 852 4416 616.
864 4380 909 4433 pp.
923 4365 966 4431 55,
978 4366 1023 4431 92,
1036 4365 1088 4418 and
1101 4365 1196 4418 Index.
1215 4365 1304 4434 1111166
1317 4365 1430 4435 Chapter

280 4457 357 4518 ,11616
369 4454 448 4504 3056.
485 4448 609 4516 lllaslrell,
623 4450 697 4503 Mon.
711 4449 810 4504 111111.
825 4450 892 4518 1563
910 4452 1087 4520 16161111,
1101 4453 1151 4506 161
1167 4453 1302 4506 6111616.
