3074 5032
676 331 884 383 MEMORIALS
910 331 954 382 OF
980 329 1099 382 RIPON.

319 501 449 570 Obar'ch
473 502 511 586 os
532 499 662 586 Ripon,
685 497 801 563 18880801
825 497 865 582 tq
889 496 981 562 John
1005 496 1121 562 XXII.
1167 497 1285 581 Ripon,
1308 494 1388 578 July
1411 499 1465 572 22,

322 605 547 760 1321811080οΜ
557 690 770 779 provisionis
791 678 950 773 coopistvi
965 689 1101 754 Robcrta'
1116 689 1157 754 dc
1170 687 1411 770 Bridela'apton
1426 685 1467 750 ic

320 790 453 857 ccclesia
467 790 611 876 Rypoa’.
656 790 775 871 Ripon,
790 790 832 851 25
848 788 938 871 July,
956 788 1065 850 1328.ι

387 961 582 1038 Willelmus,
596 958 819 1041 permissione,
835 961 896 1020 eto.
911 957 1151 1020 venerabilibus
1165 957 1201 1019 in
1217 955 1343 1020 Christo
1358 955 1468 1018 fratri·

320 1056 382 1119 bus
402 1058 464 1119 Dei
487 1056 595 1139 gracia
618 1054 814 1136 coepiscopis
837 1054 967 1131 nostris,
983 1057 1017 1115 et
1040 1053 1168 1116 dilectis
1188 1055 1224 1114 in
1240 1051 1368 1116 Christo
1390 1052 1468 1113 filiis

324 1154 453 1216 Decano
469 1157 504 1214 et
518 1151 662 1233 capitulo
677 1150 818 1212 eeclesiae
833 1154 950 1211 nostrae
959 1149 1054 1211 Beati
1062 1150 1152 1211 Petri
1161 1149 1268 1228 Ebor,
1277 1148 1469 1225 Abbatibus,

229 1317 265 1348 m
322 1250 497 1326 Prioribus,
508 1247 669 1332 Collegiis,
679 1244 918 1308 Archidiaconis
933 1249 968 1307 et
983 1265 1094 1308 eorum
1103 1245 1310 1323 Officialibus,
1319 1244 1469 1322 DecaniS,

228 1361 233 1373 ·
324 1346 533 1408 ecclesiarum
557 1343 759 1420 Rectoribus,
785 1342 932 1420 Vicariis,
957 1340 1137 1423 Capellanis
1166 1340 1412 1424 parochialibus,
1436 1344 1471 1401 et

322 1440 394 1503 aliis
419 1441 456 1502 in
480 1438 611 1521 capellis
637 1437 748 1500 divina
775 1437 1024 1514 celebrantibus,
1050 1458 1178 1500 necnon
1206 1438 1280 1500 aliis
1310 1435 1471 1499 universis

148 1555 165 1584 τ
200 1539 238 1584 ‘'2⁸-
324 1537 529 1599 ecclesiarum
541 1535 681 1616 praelatis
696 1553 753 1615 per
762 1533 858 1595 Ebor.
868 1533 1032 1595 dioecesim
1048 1538 1082 1595 et
1091 1534 1299 1615 provinciam,
1312 1531 1471 1612 exemptis

323 1636 358 1696 et
381 1653 447 1695 non
471 1632 640 1712 exemptis,
664 1630 863 1706 constitutis,
889 1629 1028 1690 salutem
1049 1629 1085 1690 in
1112 1630 1242 1692 sinceris
1270 1627 1472 1710 amplexibus

324 1728 508 1792 Salvatoris.
554 1726 743 1789 Caelestibus
767 1724 892 1787 civibus
913 1730 1043 1807 gratum
1065 1724 1132 1787 fore
1154 1725 1357 1789 attendimus
1379 1723 1471 1805 quic·

323 1824 402 1907 quid
431 1825 467 1885 in
496 1821 651 1884 honorem
681 1822 864 1884 sanctorum
893 1821 1084 1897 concivium,
1106 1822 1143 1883 in
1169 1820 1288 1902 quibus
1317 1819 1472 1904 gloriatur

323 1920 522 1996 Altissimus,
537 1917 653 2002 graciae
667 1916 885 1998 impendimus
901 1919 935 1978 et
951 1915 1079 1995 favoris,
1094 1917 1180 1998 quod
1192 1917 1381 1998 praesertim,
1390 1915 1470 1976 dum

323 2016 394 2078 loca
423 2013 619 2078 venerabilia
649 2014 767 2094 quibus
798 2033 892 2075 sacrae
925 2013 1069 2094 ipsorum
1106 2013 1290 2075 conduntur
1326 2011 1471 2092 reliquiae

325 2109 548 2192 spiritualibus
571 2108 773 2173 munusculis
795 2109 1019 2190 prosequimur
1042 2109 1219 2190 accepcius,
1235 2107 1395 2170 credimus
1417 2125 1472 2167 ex-

326 2224 459 2268 cercere.
506 2204 589 2268 Cum
618 2205 729 2285 itaque
759 2203 871 2266 dilecti
900 2204 936 2265 in
967 2202 1093 2267 Christo
1129 2203 1192 2265 filii
1225 2202 1405 2285 capitulum
1439 2207 1474 2264 et

326 2302 471 2363 canonici
493 2299 610 2382 Ripon'
625 2299 793 2361 ecclesiam
815 2319 907 2361 suam
930 2300 965 2361 in
986 2297 1107 2361 honore
1122 2299 1218 2363 Beati
1233 2298 1376 2360 Wilfridi
1392 2297 1475 2362 Con-

325 2396 451 2459 fessoris
467 2399 698 2473 constructam,
712 2396 754 2457 ad
769 2395 917 2457 decorem
933 2395 1048 2458 domus
1063 2395 1196 2457 Domini
1210 2415 1306 2478 opere
1327 2413 1474 2476 reparare

326 2494 509 2574 inceperint
543 2497 742 2573 sumptuoso,
772 2511 808 2553 ac
837 2491 879 2553 ad
912 2491 1226 2553 consummacionem
1260 2490 1339 2553 dicti
1369 2490 1475 2571 operis

325 2590 461 2672 propriae
476 2608 542 2650 non
559 2590 736 2669 suppetant
749 2585 934 2664 facultates,
949 2585 1159 2649 devocionem
1174 2591 1315 2650 vestram
1330 2585 1475 2648 studiose

324 2686 520 2768 requirimus
546 2684 638 2745 etin
663 2684 803 2745 Domino
830 2683 992 2745 attencius
1015 2681 1232 2760 exhortamur,
1255 2682 1345 2745 vobis
1367 2682 1403 2742 in
1424 2700 1476 2743 re-

327 2782 516 2844 missionem
531 2783 737 2862 peccatorum
751 2776 982 2841 nichilominus
997 2777 1218 2863 injungentes,
1230 2775 1384 2860 quatinus
1399 2796 1475 2838 cum

199 2916 215 2946 n
242 2915 255 2946 0
328 2879 478 2941 dominus
505 2874 670 2939 Johannes
695 2874 735 2936 de
759 2874 905 2959 Fitlyng,
929 2873 1125 2956 capellanus,
1148 2874 1200 2936 vel
1222 2873 1370 2956 ejusdem
1397 2872 1475 2934 sub-

202 2975 236 3020 yn
328 2975 476 3048 stitutus,
507 2970 672 3033 Johannes
703 2971 744 3032 de
776 2969 916 3052 Lumby,
945 2970 1092 3048 clericus,
1120 2975 1305 3051 procurator
1333 2968 1475 3051 praefatae

331 3070 483 3146 ecclesiae,
499 3067 553 3129 vel
567 3067 624 3129 alii
643 3067 756 3129 nuncii
771 3067 852 3128 dicti
875 3065 1000 3128 domini
1020 3066 1042 3128 J
1042 3063 1179 3129 ohannis
1197 3086 1272 3127 cum
1287 3064 1351 3129 hiis
1370 3065 1476 3127 literis
1509 3131 1512 3135 ἵ

271 3151 289 3195 y
329 3166 447 3229 nostris
473 3165 515 3227 ad
541 3183 597 3226 vos
623 3164 773 3226 venerint
801 3181 860 3245 pro
889 3161 1036 3224 fidelium
1067 3161 1249 3224 elemosinis
1275 3162 1478 3246 colligendis,

331 3265 417 3344 ipsos
440 3261 476 3323 in
498 3260 652 3342 proximis
672 3259 823 3340 capitulis
837 3259 952 3321 vestris
974 3258 1183 3337 celebrandis,
1198 3259 1311 3320 statim
1331 3262 1406 3341 post
1427 3259 1479 3320 in-

179 3327 229 3417 1181
332 3358 532 3439 speccionem
547 3357 771 3437 praesenoium,
785 3375 851 3436 prae
871 3354 1021 3417 omnibus
1043 3355 1116 3417 aliis
1138 3356 1281 3438 negociis
1303 3355 1481 3418 consimili-

330 3453 403 3529 bus,
415 3455 549 3531 excepto
563 3449 697 3533 negocio
707 3447 836 3512 fabricas
845 3450 985 3512 ecclesiae
997 3450 1092 3512 Beati
1103 3451 1194 3514 Petri
1205 3450 1311 3528 Ebor,
1322 3450 1480 3515 benevole

332 3546 516 3609 admittatis
532 3565 643 3606 eorum
665 3545 839 3627 negocium
853 3546 889 3606 in
904 3546 1047 3608 ecclesiis
1061 3547 1177 3609 vestris
1192 3552 1228 3608 et
1242 3546 1374 3628 capellis
1389 3546 1480 3610 vobis

334 3641 483 3717 subditis,
498 3640 614 3702 diebus
629 3641 808 3702 Dominicis
824 3645 858 3702 et
872 3641 998 3703 festivis
1013 3641 1098 3705 infra
1112 3644 1284 3705 missarum
1300 3642 1480 3723 solempnia

332 3733 533 3820 parochianis
557 3739 592 3796 et
612 3735 750 3798 subditis
765 3737 879 3798 vestris
894 3737 1000 3814 verb0,
1016 3758 1110 3820 opere
1133 3739 1254 3821 pariter
1276 3742 1310 3800 et
1332 3737 1481 3820 exemplo

334 3832 507 3897 efficaciter
528 3835 753 3913 promoventes
775 3853 813 3894 ac
836 3833 939 3896 eciam
955 3840 1174 3915 exponentes3
1197 3839 1231 3896 et
1246 3833 1401 3917 quicquid
1415 3835 1482 3897 col·

333 3930 456 3993 lectum
479 3926 580 3993 fuerit
601 3929 733 3990 nomine
757 3929 850 3992 dictae
874 3930 1026 4009 ecclesiae,
1041 3936 1110 3993 tam
1132 3951 1192 4013 per
1213 3951 1279 4008 vos,
1302 3951 1400 4012 quam
1424 3950 1485 4012 per

335 4025 439 4088 dictos
462 4029 692 4107 procuratores,
720 4045 778 4086 seu
802 4027 947 4104 nuncios,
973 4027 1114 4110 praefatis
1140 4027 1399 4108 procuratoribus
1426 4047 1486 4090 seu

336 4122 465 4183 nunciis
482 4122 551 4183 sine
567 4120 727 4184 dilacione
749 4124 809 4184 aut
830 4124 1015 4186 retcncione
1030 4124 1081 4186 vel
1097 4122 1317 4185 diminucione
1339 4123 1487 4204 aliquali,

336 4216 483 4278 liberetis
499 4237 558 4279 seu
573 4217 703 4280 liberari
718 4216 855 4281 faciatis.
900 4220 967 4282 Nos
982 4224 1093 4282 autem
1109 4220 1149 4282 de
1165 4219 1227 4282 Dei
1242 4218 1488 4300 Omnipotentis

337 4313 554 4375 misericordia
578 4323 612 4375 et
634 4314 781 4396 gloriosae
795 4315 942 4400 Virginis
957 4317 1069 4378 Mariae
1084 4316 1198 4378 matris
1215 4335 1290 4394 snae,
1306 4315 1485 4379 Beatorum

581 4438 622 4508 (1)
640 4439 712 4494 Both
725 4441 802 4495 these
814 4457 859 4495 arc
871 4457 937 4511 vary
948 4441 1063 4512 lengthy
1075 4442 1240 4499 documenta.
