3074 5032
103 337 148 408 60
635 355 842 409 usnonrlns
868 357 912 408 or
938 334 1080 407 arros

103 559 145 618 (10
156 559 190 618 ,,)
343 521 465 584 Lattara
481 521 519 605 of
531 522 772 605 sequestratim
788 524 827 608 cf
834 522 1000 608 prehende
1015 523 1053 607 cf
1068 521 1197 606 Thorp',
1212 515 1423 599 Naaacwyls,

102 664 152 696 aa.
165 651 230 696 1308,
277 617 349 680 (aad
364 616 509 700 Stodlep,
525 617 599 681 held
615 618 654 701 by
669 618 745 683 Jot.
762 619 801 683 dc
816 619 1005 697 Saracenis,
1016 618 1093 683 ato.
1104 614 1340 693 dedabaudiu,
1352 611 1425 676 arrd

102 711 167 768 Sept·
179 713 201 754 9·
277 712 352 778 Jot.
369 713 409 777 da
423 714 607 778 Beucstada.
655 716 786 780 Oawod.
802 738 822 780 0
837 716 890 780 ld.
906 717 995 800 Sept.
1012 737 1104 780 uano
1121 712 1186 778 3⁰³⁰.

104 885 147 942 (ιο
157 884 191 943 v.)
344 861 537 939 Willelmns,
553 864 763 943 permissione
779 864 897 925 Divina
912 864 1007 925 Ebor.
1020 861 1288 943 archiepiscopus,
1300 859 1427 941 Angliae

102 966 160 1059 gg),
167 955 232 1058 11338·
277 958 408 1040 primas,
424 958 551 1019 dilectis
566 959 642 1020 filiis
658 960 799 1040 capitulo
822 965 931 1021 nostro
954 959 1088 1042 Rypon’,
1105 959 1254 1036 salutem,
1273 957 1426 1040 graciam,

135 1029 228 1142 pff
279 1058 314 1114 01
328 1053 602 1116 benediccionem.
635 1057 748 1136 Nuper
764 1057 932 1117 ecclesiam
948 1055 1072 1138 Rypon’
1081 1056 1262 1130 visitantes,
1278 1051 1426 1134 quaedam

104 1158 200 1234 capara·
278 1150 365 1210 inter
389 1150 452 1210 alia
478 1153 692 1232 comperimus
718 1173 789 1233 quae
814 1153 853 1213 ad
880 1151 1035 1213 honorem
1063 1153 1124 1212 Dei
1155 1157 1189 1212 01
1214 1149 1354 1211 ecclesiae
1380 1147 1425 1207 sic

104 1215 204 1275 ΒΨ·
278 1245 429 1306 duximus
444 1246 654 1309 reformanda.
700 1249 878 1328 Inprimis,
895 1249 1029 1309 firmiter
1052 1246 1237 1308 inhibemus
1261 1250 1299 1306 ut
1321 1244 1424 1304 decae-

103 1368 185 1428 0f1„.
197 1370 247 1414 fou,
278 1345 348 1401 tero
364 1340 439 1401 laici
456 1347 543 1402 stent
559 1343 599 1403 ad
614 1342 716 1404 altare
731 1344 771 1404 ad
794 1345 974 1424 petendum
989 1344 1169 1405 oblaciones
1194 1348 1228 1402 et
1250 1340 1313 1401 alia
1329 1339 1425 1400 obve-

104 1429 254 1534 didicisti
278 1438 415 1514 niencia,
442 1459 497 1498 sen
529 1458 566 1500 ea
592 1440 724 1522 exigant
747 1446 804 1500 aut
828 1441 985 1521 recipiant
1015 1441 1127 1521 quovis
1153 1437 1269 1513 mod0‚¹
1300 1440 1426 1497 contra-

278 1534 446 1595 venientes
476 1541 587 1595 autem
617 1556 674 1616 per
699 1537 1040 1598 excommunicacionis
1072 1535 1280 1611 sentenciam,
1304 1538 1339 1593 01
1368 1551 1426 1612 per

281 1630 378 1690 aliam
393 1651 559 1691 censuram
576 1633 761 1693 canonicam
776 1653 795 1692 a
817 1632 1071 1713 praesumpcione
1093 1629 1280 1713 hujusmodi
1294 1648 1427 1689 arcean-

278 1730 342 1787 tur.
376 1727 463 1788 Item
477 1727 681 1810 injungimus
697 1729 783 1810 quod
798 1728 881 1789 nulli
898 1728 1095 1808 sepeliantur
1111 1728 1146 1787 in
1162 1725 1295 1787 eeclesia
1311 1721 1427 1804 Ripon'

104 1841 199 1888 Buriars
279 1823 343 1883 nisi
358 1843 484 1905 magnae
500 1828 534 1883 et
556 1822 701 1885 honestae
723 1845 866 1905 personae
890 1829 924 1884 et
948 1844 1020 1905 quae
1042 1824 1126 1885 bene
1152 1823 1277 1882 meritae
1304 1820 1429 1880 fuerint

104 1902 241 2007 {llffiflw
280 1938 357 1999 erga
373 1918 539 1979 ecclesiam
563 1927 785 1981 memoratam.
831 1921 918 1980 Item
940 1919 1144 2002 injungimus
1168 1924 1201 1979 et
1224 1917 1428 1998 praecipimus

104 2042 225 2088 vuarato
280 2014 365 2094 quod
380 2034 491 2074 omnes
507 2015 619 2075 vicarii
634 2016 729 2076 dictae
752 2015 892 2076 ecclesiae
916 2015 1013 2076 simul
1037 2013 1187 2076 habitent
1202 2014 1254 2074 die
1276 2019 1310 2073 et
1332 2015 1428 2072 nocte

104 2101 211 2207 tigilla
279 2109 315 2169 in
330 2109 425 2170 domo
451 2130 508 2190 per
523 2111 692 2190 dominum
714 2111 907 2172 Nicholaum
931 2111 972 2172 de
997 2112 1186 2194 Bondegate
1208 2110 1249 2171 ad
1265 2107 1429 2170 inhabita·

214 2195 220 2207 ’
279 2205 405 2265 cionem
421 2207 597 2267 eorundem
613 2207 804 2267 vicariorum
816 2208 961 2268 caritatis
976 2208 1103 2268 intuitu
1113 2208 1189 2268 data
1205 2212 1238 2267 et
1254 2204 1429 2281 concessa,2

274 2299 454 2383 jurantque
479 2300 662 2363 inhabitare
686 2303 819 2363 domum
843 2304 979 2364 eandem
998 2303 1095 2384 juxta
1110 2302 1349 2363 ordinacionem
1371 2320 1430 2380 per

280 2418 335 2458 vos
350 2399 543 2478 praedictum
558 2399 739 2479 capitulum
761 2397 983 2476 indefectam,
999 2420 1097 2480 quam
1122 2399 1181 2459 sub
1197 2401 1304 2459 vestro
1321 2396 1430 2478 sigillo

280 2495 445 2555 communi
461 2495 602 2556 vidimus
622 2496 792 2556 contineri.
838 2496 882 2555 Et
890 2495 930 2555 ad
940 2493 1009 2555 haec
1025 2500 1059 2555 et
1073 2494 1136 2554 alia
1151 2493 1348 2555 observanda
1357 2513 1430 2572 quae

281 2590 317 2650 in
332 2591 419 2652 dicta
434 2592 637 2652 ordinacione
660 2592 787 2673 plenius
804 2597 880 2652 sunt
903 2611 1051 2671 expressa
1066 2611 1123 2671 per
1145 2609 1313 2650 censuram
1330 2588 1431 2648 eccle-

283 2687 443 2748 siasticam
460 2688 486 2748 si
511 2707 640 2748 necesse
668 2687 769 2748 fuerit
792 2687 1037 2768 compellantur.
1083 2685 1208 2746 Valete.
1254 2684 1329 2744 Dat.
1345 2683 1431 2764 apud

285 2780 398 2844 Cawod
420 2783 467 2864 iiij
494 2783 543 2844 Id.
561 2783 742 2865 Septembr.
759 2782 852 2844 Anno
875 2782 1431 2866 ς100100110000110001010,0100111.

283 2878 387 2938 nostri
402 2899 486 2939 anno
502 2881 611 2940 tercio.

349 3027 598 3111 Appoiatmcut
628 3029 667 3113 cf
703 3028 780 3093 noa.
820 3028 859 3092 dc
888 3027 1039 3113 Pcatcfr.
1070 3050 1108 3092 us
1140 3026 1271 3111 builiff5
1309 3026 1432 3104 Cawod,

282 3125 364 3187 Nov.
391 3128 442 3201 12,
462 3129 558 3204 1308,
582 3125 655 3189 aad
678 3125 716 3210 os
735 3125 820 3190 Will.
845 3124 884 3187 dc
900 3123 1057 3189 Stirwcd
1072 3146 1111 3188 us
1126 3123 1285 3200 raceiacr·;
1310 3123 1433 3200 Cawod,

283 3222 360 3283 Dec.
378 3223 430 3295 31,
450 3224 546 3284 1308.

349 3376 631 3438 Excellentissimo
651 3378 791 3459 principi
814 3399 850 3439 00
873 3379 1004 3440 domino
1030 3399 1088 3440 suo
1111 3379 1288 3453 carissimo,
1303 3376 1434 3438 domino

282 3470 461 3548 Edward0,³
477 3472 538 3533 Dei
561 3473 669 3554 gracia
691 3474 761 3555 regi
777 3474 903 3558 Angliae
926 3474 1057 3550 illustri,
1072 3474 1202 3535 domino
1217 3472 1383 3533 Hiberniae
1399 3476 1434 3532 et

283 3603 464 3669 Provinciale,
477 3606 518 3658 ed.
540 3605 624 3671 1679;
644 3605 737 3660 (lonst.
758 3607 823 3677 Leg.
837 3626 863 3678 p.
880 3608 953 3677 136.)
991 3609 1019 3660 Α
1031 3608 1086 3661 like
1099 3606 1265 3678 prohibition
1276 3623 1333 3659 was
1346 3605 1434 3658 issued

285 3687 315 3734 at
327 3699 343 3734 a
355 3683 461 3735 council
473 3683 537 3736 held
549 3691 578 3737 01
590 3684 711 3738 80100000
730 3685 757 3737 in
771 3686 848 3739 1456.
888 3685 1002 3755 (Labbe,
1015 3686 1071 3739 xix.
1087 3687 1161 3750 176.)
1202 3686 1227 3738 11
1239 3702 1295 3737 was
1307 3683 1435 3754 anquired

287 3765 316 3812 at
328 3761 375 3812 the
388 3761 501 3813 Council
513 3762 543 3815 01
555 3763 646 3828 irent,
660 3763 724 3833 May
735 3765 779 3831 27,
788 3765 866 3832 1623,
877 3769 928 3816 ‘an
937 3765 1085 3835 capitulum
1096 3765 1273 3818 Atrebatense
1283 3763 1327 3828 (of
1337 3763 1435 3831 Arias)

287 3838 372 3910 possit
390 3856 514 3894 exercere
533 3842 678 3908 nundinas,
691 3849 833 3908 mercatus,
853 3861 884 3896 ac
902 3843 1029 3914 strepitus
1038 3843 1206 3915 judiciorum
1217 3842 1391 3913 profanorum
1405 3841 1434 3893 in

287 3918 399 3972 ecclesia
418 3936 449 3971 00
468 3918 526 3990 ejus
544 3921 706 3974 coemeteriis
716 3922 728 3974 1
740 3923 746 3946 ’
758 3922 811 3974 and
827 3924 965 3976 answcred
979 3923 1007 3974 in
1020 3924 1067 3976 the
1079 3923 1209 3993 negative.
1249 3920 1436 3991 (Continuatio

288 3998 357 4053 8000.
371 4016 434 4052 xxv.
455 3998 654 4054 lleclarationcs
666 4007 694 4054 et
707 4001 903 4070 Resolutiones,
917 4003 955 4070 2.)
980 4003 1081 4073 Bishop
1094 4000 1274 4071 Braybroolrc,
1283 4015 1336 4052 11).
1349 4000 1437 4052 1381-

289 4077 435 4144 1401101
454 4083 483 4132 to
503 4079 573 4132 issue
592 4098 608 4133 0
626 4081 726 4151 special
744 4082 871 4134 mandate
884 4081 989 4149 against
1002 4082 1049 4134 the
1061 4081 1231 4152 profanation
1244 4079 1275 4133 of
1292 4078 1331 4131 81.
1347 4078 1437 4131 Paul's

290 4155 317 4208 in
337 4155 391 4208 this
410 4157 464 4210 and
482 4159 560 4211 other
571 4177 647 4229 ways
666 4161 822 4231 (Dugdale's
836 4162 875 4213 St.
890 4161 987 4226 Paul'a
999 4179 1022 4231 p.
1040 4162 1097 4229 22),
1113 4161 1167 4213 and
1180 4177 1214 4213 on
1227 4157 1329 4211 similar
1341 4156 1438 4210 abuses

285 4234 362 4286 there
375 4235 403 4286 in
416 4236 486 4288 later
498 4237 588 4303 times,
600 4256 642 4291 000
654 4239 788 4292 Milmun's
801 4241 840 4292 81.
854 4239 952 4306 Paula,
965 4258 1008 4311 pp.
1019 4242 1115 4294 286-8.

342 4313 385 4380 (l)
407 4315 457 4366 See
470 4314 557 4368 below
570 4317 654 4370 under
668 4319 731 4372 date
743 4319 803 4372 Oct.
819 4319 861 4382 17,
876 4319 955 4371 1312.

340 4391 383 4457 (2)
404 4392 457 4444 For
469 4393 516 4444 the
529 4404 616 4463 grant,
629 4415 672 4450 000
685 4398 736 4450 vol.
750 4397 778 4463 1.,
790 4415 816 4467 p.
835 4398 892 4450 119.

340 4469 383 4537 (3)
411 4469 542 4526 Secundo.
