3068 5024
667 339 874 392 Manonlnns
900 341 944 392 OF
970 340 1090 393 IthON.

305 499 407 586 (trina
420 503 450 590 ?)
476 505 730 570 denunciacione
756 508 905 591 legitima
934 510 970 571 in
1000 508 1133 572 ecclesia
1162 507 1287 590 Rypon’
1313 515 1453 578 vocatus.

128 614 237 662 Deacons
305 600 464 663 Volumus
488 605 590 665 eciam
613 609 647 666 et
671 604 843 666 statuimus
865 606 952 686 quod
978 606 1115 684 diaconi,
1131 605 1329 685 subdiaconi,
1344 611 1379 670 et
1404 609 1456 671 in·

127 676 280 780 ffiqqsqqqqor
304 695 437 760 seriores
462 700 603 762 ecclesiae
633 700 778 761 ministri
801 703 988 782 quicunque
1018 703 1197 783 puniantur
1219 722 1278 783 per
1302 748 1310 763 .
1335 748 1343 765 .
1366 706 1455 787 oapi-

127 793 247 958 {qushed
304 793 413 854 tulum
428 795 480 856 vel
496 800 653 856 rectorem
668 796 860 877 praedictum
876 797 972 876 juxta
987 797 1180 879 qualitatem
1195 796 1319 877 delicti,
1334 819 1402 861 non
1416 801 1453 862 in

145 912 215 969 ysne
304 895 398 952 tanta
412 893 597 973 quantitate
612 893 790 974 peccanoiae
803 901 853 954 set
866 895 1044 955 secundum
1053 895 1224 955 arbitrium
1236 896 1452 976 praesidentis.

127 971 233 1075 ffiffi‘
238 1030 265 1075 of
304 986 392 1048 Item
408 989 581 1050 statuimus
596 989 682 1070 quod
698 987 883 1069 hujusmodi
907 989 1017 1050 vicarii
1031 1010 1096 1051 non
1112 990 1312 1072 deputentur
1333 993 1374 1054 ad
1389 993 1453 1054 alia

127 1088 170 1133 tho
181 1088 253 1134 choir·
304 1083 406 1145 officia
421 1084 472 1146 vel
487 1091 685 1167 occupentur
700 1085 735 1145 in
750 1085 822 1145 aliis
837 1085 947 1146 officiis
958 1106 1015 1166 per
1024 1086 1169 1147 dominos
1183 1106 1256 1148 suos
1271 1088 1321 1148 vel
1338 1108 1451 1151 eorum

126 1174 264 1280 {iqqgenot
303 1186 533 1260 procuratores,
548 1201 606 1262 per
621 1202 692 1263 quae
709 1181 880 1254 servicium
892 1201 1004 1242 eornm
1018 1183 1053 1242 in
1066 1183 1199 1243 ecclesia
1209 1183 1260 1244 vel
1268 1184 1451 1246 animarum

127 1294 196 1362 other
303 1298 379 1339 cura
415 1277 602 1358 aliqualiter
639 1276 855 1360 necgligatur.
915 1278 1002 1338 Item
1041 1279 1217 1341 statuimus
1247 1281 1333 1361 quod
1370 1281 1452 1344 dicti

126 1352 212 1399 duras.
304 1375 424 1452 vicarii,
440 1375 617 1456 quamcito
633 1374 799 1434 commode
815 1374 993 1453 potuerint,
1009 1375 1201 1455 provideant
1224 1375 1284 1437 sibi
1299 1376 1339 1437 de
1355 1376 1452 1440 domo

126 1434 267 1542 limeis
303 1477 463 1552 quantum
492 1490 590 1551 prope
616 1469 783 1531 ecclesiam
807 1469 878 1531 fieri
904 1475 1022 1551 potest,
1050 1470 1085 1530 in
1115 1491 1179 1551 qua
1209 1489 1321 1533 omnes
1352 1473 1451 1535 simul

126 1555 275 1659 {ffffili'ffiehv
302 1572 467 1645 maneant,
492 1566 675 1641 comedant,
691 1569 726 1627 et
749 1570 952 1646 pernoctent,
976 1567 1130 1627 decenter
1155 1566 1272 1644 clausa,
1288 1567 1324 1628 in
1349 1589 1449 1650 quam

125 1673 234 1730 agenor
302 1682 367 1724 non
382 1665 492 1744 pateat
506 1662 636 1722 mulieri
663 1681 819 1738 accessus
834 1660 898 1721 nisi
922 1662 1095 1722 necessitas
1118 1662 1289 1725 immineat
1310 1663 1450 1746 alicujus

124 1729 247 1836 ἷζοῗέξῑοῃ,
287 1760 406 1840 'operis
425 1758 510 1839 quod
528 1778 586 1839 per
601 1776 705 1817 mares
720 1760 942 1837 competenter
957 1777 1022 1818 non
1045 1761 1154 1839 posset
1169 1757 1301 1839 expleri.
1347 1760 1391 1822 Et
1413 1763 1449 1824 in

300 1855 359 1916 tali
378 1874 464 1931 casu,
483 1854 618 1936 negocio
640 1857 779 1935 peracto,
797 1852 910 1913 statim
934 1852 1086 1913 salarium
1108 1853 1243 1935 recipiat
1258 1859 1292 1916 et
1306 1857 1448 1936 recedat,

123 1935 266 2032 &inscanon
300 1973 360 2013 nec
382 1951 428 2012 ibi
444 1955 589 2012 moretur
610 1950 645 2010 in
668 1948 813 2030 prandio,
829 1968 888 2009 neo
911 1953 1089 2028 pernoctet.
1134 1948 1183 2011 De
1206 1952 1358 2013 canonico
1373 1973 1449 2016 vero

123 2018 274 2137 lliffffiging
300 2049 340 2110 de
352 2047 591 2130 Staynwegges,
599 2046 654 2127 qui
665 2050 771 2106 rector
783 2049 832 2105 est
843 2042 932 2106 chori
943 2045 978 2105 in
991 2045 1124 2107 ecclesia
1133 2045 1257 2127 Rypon’
1269 2049 1447 2112 secundum

123 2137 187 2238 ‘gli‘
197 2138 222 2207 qr
234 2140 274 2184 “¹0
299 2145 384 2226 quod
396 2143 472 2225 jura
485 2143 610 2219 volunt,
626 2141 829 2203 decernimus
840 2145 880 2203 ut
894 2145 1070 2222 praesentet
1080 2141 1237 2203 vicarium
1251 2138 1447 2225 perpetuum

123 2208 241 2311 irllnssls
301 2284 309 2301 .
334 2284 342 2301 .
365 2239 507 2321 capitulo
523 2238 574 2300 vel
588 2238 623 2298 in
647 2237 716 2319 ejus
732 2236 895 2298 defectum
909 2237 1051 2318 praelato,
1068 2237 1125 2319 qui
1139 2259 1249 2299 curam
1264 2240 1446 2304 animarum

121 2312 244 2430 {Zsselffi
299 2333 416 2397 habeat
431 2336 466 2396 in
490 2332 640 2416 parochia
661 2335 701 2396 de
725 2332 955 2416 Staynwegges
980 2335 1131 2414 porcione
1155 2355 1297 2418 congrua
1320 2336 1381 2398 sibi
1404 2339 1445 2400 de

121 2431 195 2498 riear.
297 2432 388 2493 bonis
404 2431 544 2492 ecclesiae
559 2431 730 2512 assignata.
769 2429 833 2490 Per
849 2431 1063 2511 suprascripta
1077 2450 1151 2491 vero
1167 2450 1233 2491 non
1242 2431 1445 2496 intendimus

290 2527 555 2610 jurisdicoionem
570 2531 713 2587 nostram
724 2526 776 2586 vel
786 2546 1002 2586 successorum
1014 2532 1197 2587 nostrorum
1206 2525 1445 2592 ante-habitam

295 2624 487 2701 diminuere,
503 2622 554 2684 vel
569 2623 776 2704 restringere,
794 2627 844 2682 set
865 2622 898 2682 in
917 2622 1068 2683 omnibus
1092 2626 1126 2684 et
1149 2642 1206 2703 per
1233 2624 1343 2685 omnia
1357 2624 1445 2687 inte·
1496 2665 1501 2673 ·

293 2741 386 2802 gram
413 2725 447 2782 et
470 2719 631 2780 illibatam
655 2738 797 2795 manere,
827 2723 989 2799 potestate
1015 2719 1170 2796 addendi,
1193 2721 1355 2796 mutandi,
1385 2721 1444 2784 do-

294 2816 447 2892 clarandi,
473 2821 508 2877 et
533 2814 769 2894 interpretandi
803 2814 838 2874 in
868 2815 1041 2896 praemissis
1073 2818 1107 2875 et
1137 2814 1273 2895 singulis
1299 2817 1445 2896 praemis·

293 2933 402 2974 sorum
422 2912 515 2973 nobis
531 2916 565 2974 et
588 2910 821 2972 successoribus
837 2910 955 2971 nostris
979 2909 1161 2990 specialiter
1183 2917 1355 2973 reservata.
1402 2913 1443 2974 In

293 3008 386 3091 cujus
409 3009 456 3070 rei
478 3007 705 3071 testimonium
729 3006 874 3088 sigillum
889 3011 1045 3067 nostrum
1075 3025 1142 3066 una
1170 3026 1245 3066 cum
1268 3007 1375 3089 sigillo
1399 3053 1408 3071 .
1432 3053 1441 3072 .

292 3105 429 3186 capituli
443 3103 614 3166 memorati
628 3103 841 3184 praesentibus
857 3106 908 3162 est
921 3121 1111 3182 appensum.
1149 3100 1222 3163 Dat.
1233 3100 1369 3184 Rypon’,
1385 3109 1442 3165 1¹⁰⁰

292 3201 397 3264 Kal’n.
421 3200 593 3263 Novembr.
612 3189 711 3260 'Anno
736 3199 852 3282 graoiae
874 3197 1051 3259 Millesimo
1080 3204 1147 3258 cco⁰
1169 3197 1281 3276 tercio,
1304 3203 1339 3261 et
1360 3220 1442 3282 pon·

290 3298 431 3360 tificatus
446 3296 547 3358 nostri
563 3301 687 3378 quarto.

117 3501 205 3562 (⁷20.)
356 3487 505 3567 Thomas,
521 3489 583 3550 Dei
608 3488 725 3571 gracia,
749 3490 811 3549 eto.
834 3486 961 3548 dilectis
986 3487 1021 3547 in
1038 3483 1165 3549 Christo
1188 3484 1263 3546 filiis
1287 3530 1295 3548 .
1321 3531 1329 3549 .
1353 3489 1440 3570 capiq

115 3574 168 3668 δεῖ
179 3564 245 3667 ἐξω·
290 3585 360 3647 tulo
375 3589 484 3646 nostro
506 3583 632 3665 Ripon',
649 3584 799 3659 salutem,
814 3582 967 3665 graciam,
983 3588 1019 3643 et
1041 3581 1315 3644 benediccionem.
1360 3580 1440 3644 Pro-

118 3705 265 3765 sequestrum
289 3686 434 3744 curatore
450 3681 573 3743 domini
589 3682 610 3744 J
611 3679 748 3742 ohannis
758 3677 799 3741 de
810 3676 890 3763 (sic)
904 3678 1069 3740 Saracenis
1079 3678 1119 3739 de
1132 3677 1220 3740 Urbe
1229 3679 1439 3740 concanonici

114 3764 265 3870 {mgb
290 3778 401 3855 vestri,
416 3783 450 3839 et
464 3777 677 3860 praebendarii
692 3775 872 3858 praebendae
884 3794 955 3855 quae
965 3773 1030 3836 fuit
1045 3774 1123 3835 olim
1138 3772 1262 3834 domini
1277 3773 1298 3835 J
1299 3770 1437 3837 ohannis

113 3882 198 3927 domini
213 3943 218 3954 ¹
289 3875 329 3936 de
339 3874 553 3957 Beningword
561 3874 596 3934 in
608 3873 741 3935 ecclesia
752 3869 877 3953 Rypon'
889 3867 961 3954 (ut)
976 3870 1170 3950 accepimus,
1182 3866 1437 3948 conquerentem

112 3940 250 4061 illm,
289 3971 375 4052 quod
398 3970 549 4033 nonnulli
565 3975 642 4032 sunt
663 3968 809 4031 defectus
832 3967 1000 4028 domorum
1015 3967 1056 4028 ad
1082 3966 1203 4027 dictam
1229 3964 1437 4046 praebendam

84 4079 87 4084 '
112 4060 254 4120 '⁰⁰'th
289 4069 509 4149 spectanoium
539 4065 595 4148 qui
626 4065 667 4128 de
696 4064 789 4127 bonis
819 4063 901 4125 dicti
929 4061 1170 4144 praedecessoris
1206 4061 1256 4122 sui
1286 4061 1326 4122 de
1360 4059 1437 4142 jure

112 4119 217 4257 masfa·
287 4164 444 4226 deberent
458 4164 546 4225 refici
561 4169 595 4225 et
611 4161 765 4244 suppleri,
781 4165 912 4242 propter
927 4159 1013 4242 quod
1028 4157 1118 4221 vobis
1141 4157 1333 4218 mandamus
1348 4158 1437 4240 quod

111 4236 207 4296 naon.
286 4261 395 4321 omnia
424 4260 507 4322 bona
532 4260 613 4322 dicti
637 4258 761 4320 domini
787 4255 946 4320 Johannis
977 4256 1018 4318 de
1049 4252 1274 4336 Beningword,
1300 4257 1369 4315 tam
1399 4254 1436 4316 in

286 4358 424 4437 pecunia
453 4376 550 4438 quam
580 4356 676 4417 rebus
705 4354 790 4430 aliis,
820 4353 1007 4434 ubicunque
1034 4356 1069 4414 et
1097 4368 1199 4432 penes
1225 4368 1437 4430 quoscunque

285 4452 470 4531 existeneia,
494 4451 704 4534 sequestretis
728 4454 762 4513 et
787 4448 847 4512 sub
871 4454 942 4511 arto
964 4447 1103 4510 teneatis
1129 4448 1305 4527 sequestm,
1329 4444 1433 4508 donec
