3074 5032
239 361 413 412 EXTRAUPS
439 361 536 412 FROM
562 360 659 412 YORK
685 361 896 425 unulsrnas;
936 358 1147 411 CORBRIDGF.

225 560 355 613 DRAFT
380 560 428 612 OF
452 560 480 613 A
504 560 654 614 LETTER
678 559 783 613 FROM
808 559 886 612 THE
911 556 1158 611 AROHBISHOP
1256 622 1258 626 v

325 645 570 700 OONOERNING
596 646 674 699 THE
699 645 844 698 PARISH
868 644 915 698 OF
943 643 1063 697 RIPON.

131 739 136 748 ’
184 746 335 806 Facimus
366 746 455 807 vobis
485 753 600 807 notum
630 745 716 826 quod
746 745 881 807 ecclesia
910 743 1026 825 Ripon’
1055 740 1121 803 fuit
1151 747 1185 802 et
1215 744 1266 802 est
1289 756 1441 826 Tueehureh

118 839 307 922 parochialis
335 841 479 918 ecclesia,
504 847 538 902 et
564 861 674 902 omnes
699 840 782 901 villae
807 841 842 901 in
866 840 1004 900 circuitu
1030 859 1132 920 usque
1162 836 1202 898 ad
1232 838 1265 897 ix
1289 817 1417 933 {fflffi

121 936 172 997 vel
203 958 224 997 x
253 937 392 997 miliaria
423 957 480 997 seu
510 936 648 1017 amplius
684 949 762 997 sunt
799 937 840 997 de
878 935 979 1016 ipsius
1017 931 1175 1015 parochia.
1222 933 1265 992 Et

119 1031 268 1094 homines
296 1023 466 1114 utriusque
494 1053 586 1093 sexus
612 1034 755 1113 ipsarum
780 1032 932 1092 villarum
958 1032 993 1091 in
1020 1031 1106 1092 dicta
1132 1028 1265 1090 ecclesia

118 1129 281 1209 recipiunt
297 1134 494 1189 sacramenta
509 1132 543 1189 et
558 1128 760 1209 sepeliuntur
771 1128 903 1189 ibidem.
941 1126 1009 1187 Nec
1025 1125 1146 1187 habent
1157 1124 1264 1186 locum

116 1224 218 1285 alium
243 1224 428 1305 sepulturae.
473 1225 517 1285 Et
531 1224 617 1285 dicta
632 1225 765 1285 ecclesia
780 1224 883 1285 divisa
902 1224 1003 1284 estin
1019 1243 1073 1283 sex
1088 1223 1262 1303 porciones,
1288 1273 1392 1321 Divisae

115 1341 255 1401 quarum
271 1320 426 1401 quaelibet
446 1318 545 1382 habet
565 1327 692 1381 certum
710 1340 885 1381 numerum
908 1319 1070 1396 villarum,
1085 1323 1120 1380 et
1143 1319 1261 1399 quibus
1288 1334 1389 1404 intotsx

112 1416 333 1496 porcionarius
348 1414 447 1478 habet
462 1437 572 1477 curam
589 1414 852 1498 parochianorum
867 1417 903 1475 in
919 1436 976 1476 sua
991 1415 1261 1475 commorancium
1288 1399 1400 1451 porticus.

113 1512 276 1593 porcione.
321 1511 391 1572 Nec
413 1516 465 1573 est
483 1512 598 1592 aliquis
614 1512 752 1573 vicarius
766 1518 942 1592 perpetuus
957 1509 1118 1593 generalis
1141 1511 1177 1570 in
1192 1511 1262 1591 ipsa
1287 1563 1413 1610 ruerem

115 1607 251 1668 ecclesia
262 1609 447 1686 institutus
460 1629 519 1669 nec
537 1609 568 1668 in
584 1607 692 1686 aliqua
707 1609 858 1688 porcione
874 1612 924 1668 est
935 1607 1072 1666 vicarius
1084 1612 1261 1687 perpetuus
1286 1637 1317 1668 no
1328 1637 1378 1681 per-

1285 1683 1366 1739 petual

115 1704 173 1785 qui
198 1725 307 1764 curam
332 1702 450 1765 habeat
473 1705 642 1786 porcionis,
689 1706 738 1765 Ex
763 1725 826 1785 quo
850 1704 996 1784 sequitur
1016 1703 1102 1784 quod
1123 1701 1261 1784 quilibet
1285 1741 1368 1799 unam,

116 1801 334 1880 porcionarius
357 1806 407 1862 est
429 1803 464 1862 in
488 1822 544 1862 sua
564 1801 713 1883 porcione
736 1807 876 1875 curatae,
893 1801 977 1860 sicut
999 1819 1084 1860 unus
1106 1804 1211 1860 rector
1225 1800 1260 1859 in
1285 1800 1428 1915 3333?

116 1894 290 1977 parochiali
302 1897 436 1958 ecclesia
450 1897 635 1972 incrimine,
644 1897 700 1978 qui
713 1896 772 1958 sub
788 1917 820 1958 se
833 1895 932 1957 habet
942 1916 1046 1957 unum
1058 1894 1260 1976 capellanum
1286 1917 1388 1978 (canon)

118 1993 362 2070 mercenarium,
387 1995 443 2074 qui
467 1995 502 2053 in
525 1991 676 2074 parochia
700 2013 757 2053 sua
780 1993 933 2054 deservit.
980 1991 1037 2054 Set
1060 1991 1130 2072 ipse
1156 1996 1261 2051 rector
1285 1978 1407 2094 &aldelin

115 2109 192 2149 cura
218 2089 399 2150 animarum
423 2095 473 2151 est
494 2089 640 2151 totaliter
663 2095 824 2151 oneratae.
870 2088 965 2151 Unde
989 2086 1030 2149 ob
1052 2087 1259 2148 affeccionem
1285 2099 1368 2143 rector.

114 2204 212 2265 quam
228 2205 304 2268 erga
313 2207 368 2247 vos
385 2187 526 2268 gerimus
541 2207 598 2267 pro
614 2206 691 2246 sano
706 2185 839 2246 consilio
854 2185 944 2246 vobis
960 2185 1073 2245 damus
1088 2184 1174 2265 quod
1190 2183 1259 2244 loco
1285 2203 1358 2263 sach,
1371 2207 1406 2268 iu-

115 2280 288 2342 sacerdotis
311 2283 500 2343 mercenarii
515 2283 572 2363 qui
587 2283 627 2343 de
650 2301 735 2343 anno
750 2282 785 2343 in
801 2301 923 2342 annum
938 2281 1139 2356 conducitur,
1155 2300 1259 2341 unum
1285 2266 1412 2382 {triggt‘ffn'

114 2374 261 2439 habeatis
291 2380 327 2438 in
357 2384 462 2440 vestra
486 2380 636 2460 porcione
666 2384 863 2461 perpetuum
893 2379 1047 2440 vicarium
1074 2378 1173 2439 cicius
1196 2398 1260 2458 quo
1284 2385 1362 2443 gagec
1375 2387 1407 2444 sy

114 2473 263 2552 poteritis
287 2474 490 2552 institutum,
517 2475 570 2536 cui
596 2495 673 2536 cura
698 2476 892 2552 animarum,
918 2479 1049 2556 propter
1078 2474 1259 2556 periculum
1285 2444 1438 2548 {pehpevaerps

115 2569 201 2649 quod
217 2570 379 2648 imminet,
395 2566 630 2632 committatur.
676 2571 717 2631 in
733 2591 796 2652 quo
814 2569 916 2632 nichil
925 2571 977 2632 vel
992 2571 1155 2632 modicum
1170 2570 1260 2632 vobis
1285 2562 1413 2666 ξξζξξῐω

114 2665 288 2729 decrescet.
334 2667 377 2728 Et
392 2674 471 2728 tunc
487 2668 608 2748 poterit
623 2671 730 2728 vestra
744 2668 852 2748 porcio
874 2667 1078 2748 aliquomodo
1100 2667 1261 2728 nominari
1357 2654 1363 2667 ⁸

115 2762 297 2841 praebenda.
344 2763 388 2824 Et
412 2764 476 2824 nisi
501 2765 546 2824 sic
571 2762 724 2839 feceritis,
748 2784 813 2825 non
838 2764 973 2844 potestis
1000 2763 1140 2844 aliquam
1167 2784 1259 2844 paro·
1392 2833 1398 2845 ι

116 2855 252 2919 chialem
269 2859 436 2921 ecclesiam
453 2882 528 2920 cum
543 2861 694 2941 praedicta
709 2860 858 2942 porcione
881 2860 1000 2941 absque
1017 2861 1259 2941 dispensacione
1286 2831 1434 2950 glfefffimg

114 2952 202 3015 licite
218 2960 253 3016 et
268 2942 517 3018 secure'tenere.
564 2957 730 3030 Quantum
753 2962 864 3018 autem
885 2957 926 3017 ad
949 2957 1170 3018 dimissionem
1186 2978 1259 3038 por·
1286 2953 1369 3003 benus.

111 3052 212 3112 cionis
227 3057 343 3114 vestrae
358 3053 398 3113 ad
413 3053 540 3114 firmam
555 3051 616 3114 hoc
631 3074 726 3129 anno,
741 3053 883 3136 graciose
899 3053 988 3115 vobis
1011 3055 1173 3134 parcimus
1196 3055 1259 3114 ista

109 3147 188 3208 vice.
236 3146 294 3209 Set
309 3149 414 3229 quoad
430 3169 552 3210 annum
569 3147 730 3226 futurum,
746 3170 803 3231 pro
819 3147 939 3210 honore
956 3156 1061 3210 vestro
1077 3154 1109 3209 et
1126 3150 1258 3210 comodo

110 3242 321 3320 consulimus,
344 3245 430 3333 quod
452 3265 513 3312 nec
535 3245 565 3306 ei
587 3246 644 3326 qui
666 3266 754 3306 nunc
778 3266 850 3306 eam
872 3250 975 3321 tenet,
992 3245 1070 3305 licet
1093 3245 1135 3305 sit
1158 3244 1259 3305 eccle·

110 3338 268 3415 siasticus‚
284 3339 370 3419 quod
392 3345 503 3401 tamen
526 3361 592 3402 non
615 3341 774 3419 videmus,
791 3362 849 3402 nec
872 3341 928 3402 alii
951 3342 1131 3421 cuicunque
1155 3341 1258 3422 ipsam

111 3433 287 3495 dimittatis
302 3435 343 3496 ad
358 3436 494 3514 firmam,
507 3440 681 3518 antequam
696 3437 865 3499 nobiscum
881 3435 1027 3499 habeatis
1043 3439 1242 3504 tractatum}

177 3609 245 3671 Nos
260 3608 409 3688 Thomas,
424 3611 484 3672 Dei
499 3613 605 3694 gracia
620 3617 681 3675 etc.
697 3614 733 3674 in
748 3611 811 3674 hiis
828 3614 953 3695 scriptis
969 3614 1119 3696 pupplice
1134 3619 1258 3696 protes·
1284 3635 1326 3695 (74
1335 3635 1369 3694 v.)
1427 3591 1430 3598 Ι

113 3709 221 3766 tamur
236 3706 322 3787 quod
345 3728 402 3788 per
417 3707 557 3789 aliquam
581 3709 810 3771 admissionem
825 3730 882 3791 per
897 3731 954 3771 nos
970 3709 1150 3773 faciendam
1165 3712 1206 3773 de
1222 3717 1256 3774 te
1282 3695 1436 3801 ᾗζέἶζῗξῖἀ

112 3801 277 3863 Willelmo
306 3803 346 3863 de
377 3802 480 3885 Blyda
508 3810 713 3885 procuratore
743 3805 867 3867 domini
896 3804 1045 3869 Nicholai
1082 3807 1123 3869 de
1153 3807 1256 3889 Blyda
1283 3813 1399 3884 Budqin
1489 3892 1491 3895 ι

111 3899 243 3959 nomine
267 3897 414 3980 ejusdem
440 3899 564 3960 domini
588 3901 639 3961 tui
663 3901 714 3962 vel
740 3902 780 3962 de
806 3903 877 3984 ipso
903 3903 938 3964 in
965 3924 1099 3984 persona
1125 3908 1191 3980 tua,
1214 3905 1254 3964 ad
1281 3888 1374 3982 3ῗῖζῖ

109 3995 334 4074 canonipatum
359 3999 393 4055 et
413 3995 617 4075 praebendam
640 3997 674 4058 in
696 4002 805 4059 nostra
820 3998 936 4079 Ripon'
960 3998 1093 4060 ecclesia
1115 3999 1254 4060 auctori·
1281 3991 1428 4096 Rrffi’ffm

106 4094 174 4151 tate
193 4091 338 4151 mandati
361 4091 526 4171 apostolici
550 4091 782 4175 cujuscunque,
798 4094 949 4156 nolumus
971 4115 1032 4155 nec
1052 4095 1253 4156 intendimus
1277 4065 1350 4157 iiim.

106 4186 198 4247 nobis
214 4186 265 4247 vel
283 4186 516 4248 successoribus
532 4189 650 4250 nostris
666 4210 726 4250 nec
741 4190 839 4251 alicui
854 4191 910 4251 alii
933 4190 1026 4273 cujus
1049 4192 1187 4253 interest
1202 4191 1254 4253 vel

107 4282 262 4344 interesse
287 4283 409 4363 poterit
432 4283 467 4344 in
493 4283 654 4363 futurum,
681 4307 741 4347 nec
765 4293 875 4349 nostro
900 4287 1040 4369 capitulo
1064 4288 1169 4368 Ripon
1196 4294 1255 4350 aut

142 4394 150 4425 ¹
169 4393 242 4446 Here
255 4391 361 4445 follows
379 4410 395 4446 a
408 4392 507 4448 similar
519 4401 642 4450 sentence
654 4395 721 4450 with
733 4398 828 4468 regard
847 4403 876 4452 to
894 4397 1034 4471 Boverley.
1074 4399 1132 4453 The
1145 4399 1219 4453 dreit
1231 4399 1254 4454 is

109 4488 143 4524 on
155 4489 170 4526 s
181 4472 233 4542 slip
245 4470 363 4526 inserted
376 4470 497 4527 between
509 4473 544 4528 fc.
557 4474 593 4528 69
605 4475 658 4529 and
669 4475 706 4532 fo.
720 4474 763 4532 70.
