3074 5032
325 299 497 353 11111111
522 299 621 352 raon
645 298 743 352 voarr
767 300 978 378 auersunns;
1006 307 1084 359 nnn.
1380 295 1452 371 175

129 471 170 533 ad
196 470 346 532 diem‘et
368 470 477 532 locum
499 468 697 550 subscriptos
719 470 919 533 evocandum
941 471 1009 536 fore
1029 475 1276 557 decreverim,
1327 523 1329 527 -

124 566 259 648 justicia
272 566 308 628 id
323 569 487 648 poscente.
533 564 631 626 Vobis
646 564 750 647 igitur
771 565 971 648 conjunctim
994 574 1029 632 et
1044 571 1174 634 divisim
1189 595 1275 637 com·
1300 585 1425 637 weorder

126 664 291 724 mittimus
305 682 342 723 ac
356 661 493 722 firmiter
503 658 705 743 injungendo
715 662 906 725 mandamus
917 669 1079 746 quatenus
1090 669 1200 732 citetis
1217 690 1275 734 seu
1297 660 1347 752 {0ss}
1356 649 1438 756 ξξζξζ

126 759 221 820 citari
242 758 368 820 faciatis
390 756 607 839 peremptorie
630 755 800 837 praefatum
822 760 1016 841 magistrum
1040 761 1274 829 Christoferum
1296 764 1355 812 him.

125 854 268 938 Dragley
289 852 502 936 personaliter
532 853 560 913 si
589 853 709 933 poterit
733 852 942 935 apprehendi,
969 857 1113 940 alioquin
1135 863 1273 944 publicae

125 951 293 1013 citacionis
315 949 421 1010 edicto
443 968 502 1030 per
532 947 715 1010 affixionem
744 951 954 1030 praesentium
983 954 1019 1013 in
1044 956 1146 1018 valvis
1177 958 1273 1020 dictae

126 1046 269 1109 ecclesiae
284 1045 462 1127 collegiatae
478 1044 518 1106 de
534 1043 640 1125 Ripon
656 1050 690 1105 et
709 1045 746 1105 in
769 1045 862 1106 stallo
886 1066 944 1108 suo
965 1049 1001 1108 in
1023 1048 1130 1128 choro,
1146 1073 1272 1116 necnon

125 1143 167 1204 ad
181 1140 326 1204 hostium
340 1141 455 1202 domus
472 1140 575 1201 solitae
596 1139 784 1202 residenciae
799 1140 945 1222 ejusdem
968 1147 1116 1228 magistri
1130 1145 1272 1211 Christo-

125 1237 185 1299 feri
207 1238 349 1320 Dragley
370 1236 511 1298 dimissae
533 1240 569 1296 et
590 1236 771 1317 propositae,
798 1237 951 1320 copiaque
977 1238 1124 1321 ejusdem
1147 1244 1270 1308 ibidem

125 1334 267 1396 dimissae
290 1353 418 1395 necnon
442 1352 548 1394 coram
571 1332 659 1392 notis
690 1335 724 1393 et
747 1332 863 1395 vicinis
889 1335 966 1411 suis,
989 1335 1125 1418 aliisque
1151 1340 1212 1403 viis
1235 1347 1270 1404 61

124 1430 230 1491 modis
258 1429 416 1512 legitimis
447 1427 565 1509 quibus
595 1427 637 1488 de
661 1426 738 1508 jure
768 1429 938 1508 poteritis3
967 1432 1016 1494 ita
1045 1435 1132 1515 quod
1154 1436 1270 1499 citacio

123 1522 312 1606 hujusmodi
326 1525 366 1586 ad
381 1524 483 1604 ipsius
498 1523 647 1606 magistri
662 1520 851 1586 Christoferi
873 1526 1029 1588 noticiam
1043 1529 1084 1590 de
1099 1532 1269 1596 verisimili

121 1622 244 1703 poterit
258 1620 436 1702 pervenire,
448 1619 535 1701 quod
550 1618 762 1700 personaliter
784 1627 969 1702 compareat
982 1643 1089 1686 eoram
1104 1626 1196 1689 nobis
1210 1635 1269 1692 aut

121 1722 232 1779 nostro
254 1717 373 1778 vicario
394 1717 431 1777 in
457 1714 681 1797 spiritualibus
709 1716 855 1798 generali
886 1722 920 1779 et
945 1719 1073 1782 officiali
1098 1722 1268 1805 principali

120 1832 334 1894 quocumque,
359 1813 396 1874 in
425 1812 522 1873 domo
545 1811 716 1893 capitulari
740 1811 836 1873 dictae
858 1813 1012 1891 ecclesiae,
1035 1815 1088 1878 die
1110 1817 1267 1882 Mercurii

120 1910 260 1971 secundo
275 1909 328 1970 die
343 1909 465 1970 mensis
481 1907 682 1988 Septembris
696 1908 846 1987 proximi,
861 1909 948 1970 inter
962 1908 1055 1972 horas
1070 1916 1216 1975 octavam
1232 1921 1266 1978 61

120 2004 278 2066 decimam
293 2009 369 2066 ante
385 2003 567 2080 meridiem,
582 2002 848 2064 reformacionem
864 2008 899 2067 et
919 2006 1150 2070 correctionem
1164 2029 1201 2072 ac
1215 2012 1266 2072 in-

114 2098 303 2182 junctiones
325 2104 452 2161 nostras
474 2099 510 2160 in
531 2095 593 2159 hac
615 2105 708 2178 parte
733 2098 876 2161 salubres
900 2103 936 2161 61
958 2106 1134 2182 oportunae
1155 2125 1265 2187 perso-

118 2196 237 2258 naliter
263 2196 442 2273 subiturus,
472 2194 675 2276 ulteriusque
704 2193 848 2256 facturus
882 2200 916 2258 et
951 2202 1140 2279 recepturus
1176 2204 1264 2284 quod

112 2291 243 2374 justum
257 2291 367 2353 fuerit.
412 2292 457 2353 Et
479 2291 559 2372 quid
581 2291 617 2351 in
639 2291 813 2371 praemissis
835 2290 989 2370 feceritis,
1011 2314 1070 2356 nos
1092 2300 1150 2358 aut
1172 2300 1264 2361 audi-

116 2393 223 2451 torem
238 2392 272 2450 et
284 2387 440 2449 vicarium
454 2390 603 2448 nostrum
617 2383 814 2467 hujusmodi,
830 2387 927 2450 dictis
942 2388 995 2451 die
1010 2395 1045 2452 et
1059 2391 1137 2471 loco,
1153 2393 1264 2458 debite

116 2484 275 2546 certificet
296 2484 353 2545 ille
376 2487 522 2545 vestrum
544 2482 601 2563 qui
624 2501 763 2563 praesens
786 2487 935 2545 nostrum
956 2486 1147 2550 mandatum
1162 2489 1263 2554 fuerit

117 2584 283 2642 executus.
321 2579 397 2641 Dat.
406 2579 443 2640 in
451 2578 597 2639 manerio
605 2582 717 2639 nostro
732 2578 772 2640 de
787 2576 914 2661 Thorpe
925 2579 1021 2662 juxta
1041 2581 1174 2648 Eborac.
1189 2588 1262 2670 xiij⁰
1286 2598 1385 2662 Bishap-

116 2676 170 2737 die
193 2675 315 2737 mensis
339 2675 491 2757 Augusti,
514 2675 608 2735 Anno
638 2673 771 2736 Domini
795 2675 973 2738 Millesimo
999 2679 1262 2763 quingentesimo
1284 2661 1398 2778 ffffi,

114 2771 283 2855 trigesimo
297 2775 422 2852 quarto,
439 2774 473 2831 et
487 2774 606 2831 nostrae
621 2771 871 2833 consecracionis
886 2791 971 2834 anno
985 2775 1098 2839 tercio.
1283 2780 1412 2829 A·1>·1⁵84·

179 2946 402 3030 Iajuucct'ons
416 2946 564 3030 9166616
580 2945 632 3011 116
648 2948 828 3011 Pressuras
842 2948 881 3031 of
899 2949 1060 3034 Rpppon.
1283 2972 1355 3033 (135)

178 3045 289 3106 Primo
310 3044 364 3106 die
386 3045 508 3106 mensis
531 3044 689 3121 Octobris,
704 3045 798 3106 Anno
820 3045 953 3107 Domini
974 3047 1150 3111 Millesimo
1164 3051 1260 3133 quin·
1282 3034 1410 3136 affin·

112 3141 294 3224 gentesimo
308 3140 473 3202 tricesimo
482 3161 577 3217 nono,
589 3139 752 3222 praefatus¹
765 3136 1048 3205 reverendissimus
1058 3150 1151 3224 pater
1157 3146 1259 3209 domi-
1281 3171 1331 3218 vhe
1341 3174 1410 3220 arch·

112 3256 176 3298 nus
197 3235 381 3312 Edwardus,
397 3235 607 3297 Eboracensis
630 3233 898 3317 archiepiscopus,
922 3236 957 3297 in
980 3238 1075 3300 domo
1096 3244 1258 3305 revestriae
1279 3231 1364 3334 ff⁸h⁰t

112 3332 256 3394 ecclesiae
271 3331 449 3414 collegiatae
465 3330 582 3413 Ripon’
596 3331 733 3392 eandem
748 3331 915 3392 ecclesiam
936 3332 1150 3416 collegiatam,
1164 3357 1259 3400 cano-
1281 3290 1406 3397 1111111161

111 3429 201 3490 nicos
227 3433 262 3490 61
291 3427 524 3509 praebendarios
554 3426 712 3508 ejusdem,
735 3447 862 3489 necnon
886 3428 1009 3491 clerum
1035 3430 1182 3512 ejusdem
1204 3455 1258 3498 ec·
1279 3407 1396 3528 Q„

111 3524 217 3585 clesiae
232 3524 404 3585 actualiter
426 3532 461 3584 61
482 3523 694 3604 personaliter
709 3525 873 3602 visitabat,
888 3524 946 3588 ubi
960 3527 1096 3591 diversae
1118 3532 1257 3612 querelae
1279 3525 1365 3587 Ripae,

110 3619 293 3701 diversique
308 3619 439 3680 articuli
454 3619 489 3678 in
505 3619 632 3699 scriptis
647 3619 908 3701 proponebantur
922 3628 1035 3685 contra
1049 3626 1096 3687 M.
1112 3624 1256 3690 Christo·

108 3714 215 3776 ferum
230 3714 380 3796 Dragley,
392 3712 630 3775 thesaurarium
645 3714 740 3776 dictae
755 3716 909 3794 ecclesiae,
924 3722 959 3780 61
973 3721 1096 3783 eisdem
1110 3725 1255 3789 articulis

107 3815 209 3872 testes
232 3809 382 3890 producti
400 3808 504 3891 jurati
527 3814 562 3869 et
576 3809 763 3886 examinati,
786 3815 820 3873 et
837 3812 944 3874 dictus
966 3817 1253 3883 reverendissimus

107 3911 200 3987 pater
214 3905 256 3967 ad
270 3905 394 3966 bonum
407 3906 556 3988 regimen
579 3903 674 3966 dictae
697 3905 840 3968 ecclesiae
861 3927 899 3968 16
920 3908 1046 3989 praefati
1068 3909 1256 3977 Christoferi

108 4000 250 4082 Dragley
276 4019 403 4062 morum
427 3999 693 4062 reformaciouem
724 3999 827 4062 edidit
850 4003 1005 4082 quasdam
1034 4004 1254 4089 injunctiones
1317 4059 1320 4065 .
1424 4064 1426 4068 ,

106 4101 290 4178 sequentes.

160 4247 204 4317 (1)
224 4246 282 4300 The
294 4245 420 4317 previous
431 4251 511 4317 entry
522 4245 546 4299 11
558 4252 587 4300 to
601 4244 648 4299 the
659 4244 738 4300 effect
748 4245 811 4299 thet
821 4244 851 4300 in
863 4244 883 4299 J
884 4245 931 4318 uly
944 4247 1023 4318 1537,
1036 4248 1154 4306 Thomas
1165 4253 1251 4326 Legh,

105 4326 153 4381 the
165 4324 261 4394 King’s
272 4325 453 4396 commissary,
461 4325 515 4379 had
528 4324 664 4379 dissolved
675 4325 722 4379 the
734 4323 872 4379 visitation
880 4324 970 4380 which
983 4327 1030 4381 the
1038 4328 1104 4399 king
1116 4330 1251 4404 hadhald,

106 4405 160 4458 and
172 4403 287 4457 allowed
299 4404 345 4458 the
358 4404 518 4474 archbishop
530 4409 559 4457 to
571 4401 688 4457 exorciso
699 4402 743 4456 his
756 4405 924 4458 accustcmed
938 4403 1119 4476 jurisdiction.
