3074 5032
265 337 440 390 axrsscrs
465 335 564 388 raon
589 335 687 390 roan
712 333 928 400 axersmas;
955 335 1119 387 raviam.
1366 310 1439 387 137

112 506 249 573 ecclesia
264 505 429 584 faciendis,
445 507 656 588 personaliter
670 509 827 568 interesse
842 505 977 567 minime
993 505 1134 566 tenearis
1148 504 1213 566 nisi
1227 503 1263 564 in
1287 511 1392 582 excuses

115 602 289 686 majoribus
314 602 405 663 festis
430 609 465 664 et
490 603 574 680 aliis,
598 622 724 664 necnon
753 601 848 663 aliter
873 620 947 662 cum
975 601 1106 662 comode
1132 600 1264 682 poteris,
1287 574 1433 675 {ffiffiffi

113 702 163 761 ita
178 703 290 760 tamen
306 698 391 779 quod
406 699 500 760 dictae
516 700 667 760 cantariae
683 698 812 779 quando
829 697 901 758 aliis
922 696 1032 758 debite
1055 696 1265 771 deserviatur,
1288 689 1385 804 {²112ssssss
1392 688 1434 733 “¹⁰

113 794 176 856 tibi
200 813 257 874 pro
280 799 425 874 tempore
448 798 506 854 tuo
529 795 700 856 dumtaxat
723 792 894 853 licenciam
919 796 1031 854 tenore
1054 791 1266 873 praesenciam
1288 806 1368 850 feasts.

115 889 320 951 concedimus
337 889 519 970 specialem,
536 895 625 950 etex
640 888 780 950 uberiori
796 888 881 949 dono
898 889 1013 970 graciae
1035 893 1147 949 tecum
1170 906 1267 968 super

110 984 296 1066 juramento
311 989 369 1045 tuo
385 985 419 1045 in
442 981 503 1045 hac
525 988 616 1065 parte
638 984 796 1064 praestit0,
811 987 923 1044 tenore
938 983 1151 1063 praesencium
1167 983 1266 1043 mise·

113 1080 281 1141 ricorditer
310 1080 553 1161 dispensamus3
590 1078 743 1141 nolumus
769 1083 881 1139 tamen
911 1079 998 1159 quod
1027 1076 1095 1140 haec
1124 1098 1265 1160 praesens
1288 1080 1338 1126 But
1348 1081 1429 1129 thiais

114 1181 223 1237 nostra
245 1174 380 1235 licencia
401 1175 472 1236 aliis
495 1174 562 1235 tuis
586 1174 819 1236 successoribus
842 1171 990 1245 trahatur
1009 1175 1046 1234 in
1069 1173 1265 1256 exemplum,
1287 1141 1439 1258 {1¹ssssssde

115 1276 165 1331 set
178 1274 253 1350 post
267 1274 407 1330 mortem
423 1274 514 1331 tuam
535 1270 623 1331 dicta
645 1269 806 1330 ordinacio
821 1270 856 1330 in
871 1269 1022 1331 omnibus
1038 1270 1104 1331 suis
1119 1268 1263 1331 articulis
1287 1259 1421 1317 precedent.

112 1364 555 1428 inviolabiliterobservetur.
601 1366 642 1427 In
657 1365 751 1446 cujus
766 1364 814 1425 rei
829 1365 1066 1443 testimonium,
1082 1363 1155 1427 etc'

179 1460 246 1521 Nos
262 1481 336 1522 vero
350 1461 560 1522 attendentes
569 1460 748 1544 allegatum
758 1461 793 1520 in
805 1460 901 1521 dictis
909 1459 1013 1522 literis
1022 1459 1262 1542 praedecessoris
1287 1465 1438 1534 Areubshop

113 1557 217 1617 nostri
232 1554 299 1616 fore
315 1575 490 1617 consonum
506 1556 637 1632 racioni,
654 1560 688 1616 et
703 1555 789 1636 quod
804 1554 896 1616 nobis
911 1556 945 1616 in
962 1555 1066 1617 officio
1075 1555 1262 1637 Receptoris
1286 1523 1424 1627 &imm

113 1652 214 1712 nostri
229 1650 345 1731 Ripon’
356 1650 482 1734 jugiter
497 1656 532 1712 et
546 1650 752 1713 laudabiliter
767 1650 920 1728 deservis,
936 1650 1144 1732 volentesque
1166 1671 1262 1732 prop·
1286 1641 1413 1745 {mm

111 1751 201 1808 terea
230 1747 467 1827 praemissorum
503 1748 630 1808 intuitu
667 1751 763 1828 prout
797 1747 934 1830 dignum
971 1747 1165 1809 arbitramur
1200 1746 1264 1808 tibi
1377 1732 1384 1745 ’

112 1843 252 1925 graciam
282 1841 386 1904 facere
418 1843 591 1924 specialem
621 1847 658 1904 ut
689 1839 787 1919 horis
807 1842 969 1903 canonicis
992 1843 1028 1903 in
1055 1841 1142 1904 dicto
1168 1839 1264 1904 choro

112 1937 286 2018 psallendis
295 1937 347 2000 vel
362 1937 615 2019 processionibus
627 1937 711 1999 inibi
720 1936 875 1998 faciendis
885 1937 1098 2018 personaliter
1106 1937 1263 1999 interesse

112 2033 247 2093 minime
262 2034 402 2094 tenearis
417 2034 481 2094 nisi
497 2033 533 2093 in
547 2023 724 2114 majoribus
747 2031 839 2093 festis
861 2037 896 2094 61
917 2031 1001 2110 aliis,
1020 2051 1146 2093 necnon
1168 2031 1264 2093 aliter

112 2148 187 2190 cum
213 2128 345 2189 comode
370 2129 501 2209 poteris,
526 2129 574 2188 ita
597 2135 710 2188 tamen
735 2128 821 2209 quod
845 2127 940 2190 dictae
963 2128 1112 2189 cantariae
1136 2131 1202 2188 tuae
1226 2127 1262 2188 in

111 2219 293 2305 ab(sencia)
316 2224 426 2285 debite
453 2222 551 2284 facias
576 2224 740 2300 deserviri,
764 2223 826 2285 tibi
848 2243 905 2305 pro
927 2228 1037 2284 nostro
1059 2222 1263 2303 beneplacito

112 2319 281 2380 dumtaxat
301 2319 471 2379 licenciam
490 2324 603 2380 tenore
620 2320 831 2400 praesenciam
851 2318 1057 2380 concedimus
1079 2317 1261 2402 specialem,

112 2414 209 2497 etad
232 2412 300 2475 haec
322 2419 434 2475 tecum
457 2434 553 2494 super
571 2413 758 2494 juramento
781 2418 839 2475 tuo
861 2415 896 2475 in
919 2412 979 2475 hac
1000 2419 1093 2495 parte
1116 2414 1263 2496 praestito

111 2515 223 2571 tenore
245 2511 457 2590 praesencium
479 2514 639 2590 quantum
663 2511 698 2570 in
725 2509 817 2571 nobis
845 2514 896 2572 est
922 2510 1171 2571 misericorditer
1194 2508 1262 2571 dis·

110 2624 305 2686 pensamus3
328 2604 479 2665 nolumus
502 2609 613 2665 tamen
636 2605 722 2686 quod
745 2603 814 2666 haec
836 2626 975 2687 praesens
996 2609 1106 2667 nostra
1128 2604 1263 2667 licencia

109 2701 181 2763 aliis
194 2702 426 2763 successoribus
438 2703 556 2762 nostris
567 2699 714 2763 trahatur
724 2704 759 2763 in
768 2702 964 2784 exemplum,
977 2707 1026 2764 set
1036 2707 1109 2784 post
1121 2707 1261 2764 mortem

111 2801 203 2858 tuam
228 2798 313 2859 dicta
337 2797 497 2858 ordinacio
523 2797 558 2874 in
583 2797 733 2859 omnibus
764 2799 830 2859 suis
856 2798 1002 2860 articulis
1031 2798 1262 2861 inviolabiliter

111 2892 320 2955 deservietur.

176 2989 216 3049 In
247 2988 339 3070 cujus
363 2989 409 3050 rei
435 2990 662 3051 testimonium
689 2989 833 3072 sigillum
859 2994 1007 3051 nostrum
1033 2989 1169 3052 fecimus
1195 2988 1259 3053 hiis

109 3085 237 3165 apponi.
282 3084 356 3146 Dat.
383 3085 418 3145 in
445 3086 589 3146 manerio
613 3090 723 3146 nostro
752 3087 839 3167 apud
869 3085 1012 3162 Cawode,
1037 3085 1177 3166 septima
1206 3087 1259 3148 die

109 3180 231 3240 mensis
250 3178 354 3255 Junii,
372 3179 466 3240 Anno
489 3179 620 3241 Domini
641 3178 817 3241 Millesimo
835 3185 924 3241 000ῐηο
945 3179 1033 3240 lxxm⁰
1056 3179 1206 3260 septimo,
1225 3184 1259 3240 et

110 3280 227 3336 nostrae
242 3275 492 3336 consecracionis
508 3280 634 3356 quarte.

175 3468 366 3546 Alexander,
382 3471 445 3530 etc.
461 3467 581 3530 dilecto
603 3469 671 3531 filio
690 3470 846 3552 magistro
868 3469 890 3533 J
891 3467 1011 3532 ohanni
1026 3469 1067 3532 de
1082 3467 1257 3552 Thoresby,
1282 3477 1309 3537 (6
1320 3479 1354 3541 a.)

109 3565 262 3625 canonico
285 3564 427 3625 ccclesiae
450 3570 567 3626 nostres
590 3565 768 3649 collegiatae
791 3565 919 3648 Ripon’,
940 3565 1089 3644 salutem,
1104 3567 1256 3650 graciam,
1280 3541 1408 3658 ffl'ylfi‘fw'

108 3664 142 3720 et
166 3659 439 3721 benediccionem.
485 3660 579 3722 Licet
602 3661 727 3723 dudum
752 3663 948 3723 auctoritate
970 3662 1138 3724 literarum
1164 3683 1257 3744 apos-
1279 3681 1406 3729 relaxare

107 3754 278 3816 tolicarum
299 3756 340 3817 ad
359 3757 619 3836 prosecucionem
638 3757 769 3819 discreti
792 3758 851 3818 viri
873 3758 1021 3840 magistri
1043 3757 1192 3840 Hugonis
1215 3759 1255 3820 de
1277 3743 1407 3858 ζξξζζξζξὴ

105 3852 227 3927 Arlam,
252 3852 366 3913 decani
394 3851 535 3912 ecclesiae
551 3850 728 3934 collegiatae
759 3851 890 3915 Cestriae
919 3853 954 3913 in
986 3852 1103 3930 Strata,
1133 3852 1256 3914 Dunel-
1278 3857 1428 3914 infractibus

106 3948 227 4008 mensis
246 3948 350 4023 dioec,
365 3934 500 4023 fructus,
516 3947 674 4024 redditus,
690 3952 723 4009 et
737 3952 914 4028 proventus
936 3947 976 4008 ad
994 3947 1199 4028 praebendam
1214 3946 1255 4008 de
1273 3917 1429 4035 ffiffl,

108 4043 261 4124 Stodelay
280 4044 315 4103 in
339 4043 426 4104 dicta
449 4043 581 4103 ecclesia
603 4048 712 4104 nostra
734 4042 904 4126 collegiata
925 4041 1041 4124 Ripon’
1062 4047 1256 4123 spectantes,
1278 4032 1407 4149 g'gffl

106 4139 367 4219 quemdominus
380 4138 401 4201 J
403 4136 545 4198 ohannes
558 4137 682 4199 Sleford
697 4138 852 4219 optinuit,
863 4142 896 4198 61
908 4137 1099 4218 possessioni
1109 4136 1257 4219 ejusdem
1278 4149 1378 4210 typos.

107 4234 232 4295 notorie
262 4233 482 4310 incumbebat,
514 4234 796 4315 sequestravimus,
827 4237 862 4294 et
891 4251 946 4294 vos
976 4232 1144 4294 custodem
1178 4233 1258 4296 dicti

109 4330 266 4411 sequestri
280 4350 338 4412 per
352 4329 431 4390 dicti
446 4333 571 4390 nostras
594 4329 715 4390 tenoris
737 4329 847 4389 literas
867 4327 1152 4409 deputaverimus3
1176 4328 1258 4402 Quia

107 4429 218 4486 tamen
235 4446 292 4506 per
307 4425 386 4486 alias
401 4423 512 4486 literas
528 4423 717 4506 apostolicas
733 4427 767 4485 et
781 4443 946 4506 processus
958 4443 1054 4507 super
1069 4425 1116 4486 eis
1131 4431 1258 4486 secutos
