3068 5024
224 313 397 365 sxrmcrs
422 312 520 364 raon
546 311 643 362 roan
668 311 878 378 nnsrsrrns3
906 313 939 364 6.
966 314 1129 366 usvrms.
1365 297 1437 371 155

174 481 255 544 Cum
270 483 373 565 igitur
387 481 565 563 principale
581 487 615 543 et
630 501 786 564 magnum
801 483 980 563 campanile
991 483 1134 545 ecclesiae
1144 489 1262 546 nostrae
1285 495 1337 541 The
1347 502 1417 554 great

105 579 285 662 collegiatae
296 579 391 640 Beati
402 578 777 660 WilfridiRipon’,quod
788 579 829 640 ab
845 579 942 641 inicio
955 585 1143 662 sumptuose
1153 579 1262 644 fuerat
1284 554 1412 673 {ffim

106 681 340 754 constructum,
353 682 426 738 tum
435 680 566 757 propter
576 676 745 752 incuriam,
754 675 1000 757 necligenciam,
1009 682 1043 738 et
1051 677 1260 739 inscienciam
1284 673 1366 719 fallen.

105 773 268 834 artificum
283 773 366 834 illud
388 773 428 834 de
445 792 529 833 novo
550 771 791 848 fabricancium,
806 776 880 832 tum
902 779 1034 854 propter
1056 775 1202 836 tonitrua
1224 795 1261 836 ac

104 870 188 930 aeris
218 869 315 931 flatus
340 870 553 951 impetuosos,
579 869 838 950 urgenciumque
869 868 1084 949 procellarum
1110 871 1259 932 turbines

59 962 61 966 ’
104 966 271 1027 retroactis
293 964 493 1046 temporibus
516 963 721 1045 frequencius
743 963 977 1043 accidencium,
1004 969 1039 1026 et
1061 966 1141 1027 alios
1167 987 1260 1029 casus

103 1060 254 1123 fortuitos
270 1062 388 1143 quibus
404 1060 567 1142 provideri
582 1080 647 1121 non
663 1061 771 1141 potuit
786 1080 805 1120 a
820 1059 888 1121 Deo
904 1066 1102 1141 quassatum,
1117 1062 1258 1124 fractum

103 1158 217 1218 existit
240 1163 275 1220 et
297 1158 477 1238 diruptum,
500 1156 535 1216 in
561 1160 693 1216 tantum
717 1157 820 1216 eciam
843 1155 929 1237 quod
952 1155 1023 1239 ejus
1045 1178 1163 1240 magna
1184 1180 1258 1240 pars

103 1255 290 1316 demollitur
305 1259 340 1316 et
355 1254 395 1315 ad
409 1259 531 1315 terram
549 1251 619 1334 jam
641 1254 868 1333 prosternitur,
884 1253 970 1335 quod
989 1255 1157 1316 residuum
1178 1256 1258 1318 dicti
1282 1267 1333 1313 The
1344 1271 1395 1314 rest

102 1351 291 1431 campanilis
306 1351 346 1412 (16
361 1350 414 1411 die
430 1350 466 1410 in
480 1349 568 1410 diem
583 1348 625 1409 ad
641 1349 745 1411 solum
756 1354 790 1411 et
798 1355 918 1411 terram
928 1371 968 1411 ex
980 1348 1121 1413 humano
1132 1351 1257 1435 judicio
1282 1341 1383 1433 ἶξῖζᾞ

102 1445 251 1508 funditus
267 1452 318 1509 est
336 1467 458 1524 casura,
474 1446 539 1506 nisi
561 1446 742 1507 remedium
765 1447 800 1506 in
824 1467 863 1508 ea
884 1451 975 1528 parte
997 1447 1135 1510 celerius
1158 1470 1256 1531 appo·
1280 1447 1372 1550 {¹51⁰ssss
1382 1445 1409 1492 of

102 1548 209 1621 natur,
233 1550 268 1605 et
290 1543 377 1625 quod
399 1543 519 1622 absque
542 1542 711 1602 immensis
735 1544 918 1623 sumptibus
942 1548 976 1604 et
1000 1541 1256 1608 Christianorum
1324 1519 1373 1563 Μ’

104 1641 256 1702 subsidiis
283 1639 419 1701 relevari
449 1657 514 1698 non
545 1638 667 1718 poterit
696 1635 760 1699 hiis
791 1637 916 1700 diebus.
961 1639 1028 1700 Nos
1059 1659 1134 1701 vero
1163 1646 1257 1705 tanto

102 1736 281 1796 discrimini
296 1735 440 1816 paternis
455 1733 624 1794 affectibus
635 1735 816 1814 prospicere
826 1735 1012 1796 censuimus
1028 1740 1063 1796 et
1080 1736 1258 1816 spirituali-

102 1831 163 1892 bus
184 1831 301 1913 quibus
323 1848 494 1911 possumus
516 1828 682 1889 miniculis
704 1829 955 1890 misericorditer
979 1829 1161 1892 subvenire.
1207 1833 1256 1894 De

102 1927 164 1988 Dei
186 1928 288 2006 igitur
311 1924 553 2006 Omnipotentis
575 1925 734 1985 immensa
756 1925 985 2004 misericordia,
1005 1930 1039 1987 et
1054 1926 1256 1990 Beatissimas

100 2024 246 2107 Virginis
261 2023 375 2084 Mariae
397 2021 514 2082 Matris
530 2040 607 2097 suae,
622 2040 660 2081 ac
675 2021 851 2082 Beatorum
866 2021 958 2083 Petri
981 2026 1016 2083 et
1036 2022 1130 2083 Pauli
1153 2024 1256 2106 Apos-

99 2121 240 2181 tolorum
251 2119 333 2201 ejus,
340 2138 466 2180 necnon
479 2121 665 2178 sanctorum
676 2116 894 2179 confessorum
908 2117 1076 2196 Willelmi,
1086 2119 1107 2181 J
1108 2117 1257 2198 ohanniS,

99 2221 134 2278 et
170 2216 324 2294 Wilfridi,
354 2220 565 2296 patronorum
594 2218 790 2292 nostrorum,
820 2214 1031 2296 omniumque
1062 2213 1255 2277 Sanctorum

98 2313 224 2373 meritis
240 2317 275 2373 et
289 2311 439 2393 precibus
454 2308 655 2370 confidentes
676 2310 801 2371 cunctis
825 2307 1023 2371 Christicolis
1038 2307 1097 2392 per‘
1111 2316 1254 2374 nostram

97 2410 295 2490 provinciam
310 2408 406 2470 Ebor.
424 2404 560 2467 ubilibet
575 2406 775 2482 constitutis,
792 2410 826 2466 et
840 2405 912 2466 aliis
928 2426 1065 2487 quorum
1080 2407 1253 2470 dioecesani

97 2503 180 2566 hanc
203 2510 346 2567 nostram
370 2503 602 2585 indugenciam
628 2497 709 2586 (616)
734 2507 840 2563 ratam
870 2500 1046 2563 habuerint
1070 2504 1191 2584 pariter
1218 2511 1254 2566 et

97 2605 263 2684 acceptam
272 2602 313 2663 de
322 2599 462 2682 peccatis
473 2598 538 2659 suis
550 2617 625 2659 vere
634 2597 881 2679 poenitentibus,
892 2599 1041 2659 contritis
1054 2604 1090 2660 et
1098 2599 1252 2662 confessis

97 2700 155 2780 qui
170 2699 210 2760 ad
225 2697 513 2771 construccionem,
529 2693 825 2770 reaedificacionem,
837 2697 872 2755 et
883 2695 1157 2756 sustentacionem
1172 2695 1252 2758 dicti

97 2794 297 2876 campanilis,
326 2793 434 2873 aliqua
460 2791 500 2852 de
529 2789 622 2851 bonis
653 2790 714 2850 sibi
740 2810 760 2850 a
784 2789 854 2851 Deo
884 2789 1009 2851 collatis
1039 2789 1251 2869 contulerint,

95 2891 289 2974 legaverint,
311 2910 368 2951 seu
388 2893 482 2972 grata
503 2887 647 2947 caritatis
671 2884 814 2947 subsidia
836 2886 1027 2948 donaverint
1050 2891 1084 2948 et
1106 2889 1251 2971 assigna-

95 2989 205 3050 verint
241 2986 461 3068 quovismod0,
494 2983 618 3044 tociens
656 2982 809 3064 quociens
839 2983 1004 3062 praemissa
1034 3003 1091 3044 seu
1120 2984 1249 3065 aliquod

95 3085 333 3166 praemissorum
347 3081 487 3143 fecerint
501 3099 559 3140 seu
575 3079 713 3161 egerint,
730 3078 942 3160 quadraginta
952 3078 1020 3139 dies
1031 3078 1249 3162 indulgenciae

95 3180 344 3242 misericorditer
359 3178 394 3238 in
410 3176 549 3238 Domino
569 3174 774 3235 concedimus
789 3193 846 3255 per
861 3177 1036 3253 praesentes
1059 3194 1117 3254 pro
1139 3180 1250 3236 nostro

94 3276 297 3358 beneplacito
308 3275 489 3336 duraturas.
528 3272 603 3332 Dat.
613 3269 673 3331 sub
686 3268 793 3352 sigillo
803 3273 924 3346 nostro,
936 3269 971 3329 in
982 3270 1126 3331 manerio
1138 3276 1248 3332 nostro

96 3372 264 3451 Suthwell,
279 3375 394 3456 quarto
410 3370 463 3431 die
478 3369 599 3430 mensis
618 3366 797 3442 Februarii,
813 3366 907 3427 Anno
922 3365 1054 3427 Domini
1069 3366 1247 3429 Millesimo

94 3476 200 3532 ccccm⁰
215 3467 485 3552 quinquagesimo
507 3485 602 3542 nono,
623 3467 868 3544 nostrarumque
890 3462 1139 3524 consecracionis
1161 3483 1247 3524 anno

93 3566 331 3643 terciodecimo,
348 3569 382 3626 et
397 3561 620 3624 translacionis
634 3563 758 3621 octavo.

228 3821 421 3879 REGISTER
438 3819 486 3875 OF
507 3818 591 3874 ΑΒΡ.
611 3817 645 3871 G.
663 3813 842 3870 NEVILLE.
878 3827 934 3868 nn.
953 3814 1120 3870 1465-1476.

158 3958 326 4022 Universis
341 3951 438 4039 (etc.)
454 3951 614 4033 Georgius
632 3944 703 4032 (cto.
726 3943 848 4008 almost
869 3942 1031 4007 verbatim
1046 3943 1242 4031 6616111116.
1266 3965 1386 4075 ppuffi

97 4056 140 4121 W.
157 4053 298 4134 Bootb’s,
310 4075 348 4139 p.
367 4056 440 4129 154,
453 4044 642 4126 (1666611169
657 4041 709 4107 116
718 4048 799 4105 61616
809 4040 848 4124 of
860 4039 912 4103 1116
924 4046 1032 4119 166666,
1042 4047 1109 4120 616,
1121 4062 1160 4105 os
1169 4042 1241 4126 fol.
1267 4085 1319 4132 Oct.
1330 4088 1352 4132 3·

91 4152 187 4240 16166)
202 4155 282 4216 adeo
297 4153 494 4234 quassatum,
509 4146 697 4216 laceratum,
711 4138 851 4199 fractum
873 4136 990 4214 fuerat,
1012 4143 1045 4198 et
1060 4139 1240 4221 diruptum,
1266 4166 1352 4214 Lim
1362 4171 1400 4215 5„

90 4252 176 4333 quod
192 4251 294 4332 ipsius
309 4265 428 4329 magna
444 4263 515 4325 pars
539 4237 715 4302 successive
737 4234 856 4295 cecidit
871 4238 905 4294 et
920 4233 960 4294 ad
977 4233 1080 4295 solum
1103 4236 1241 4318 collapsa
1261 4226 1388 4344 ,ww

89 4347 195 4410 fuerat
223 4345 375 4408 funditus
401 4345 436 4403 et
461 4341 630 4422 prostrata,
659 4331 869 4415 ejusdemque
898 4330 1065 4391 residuum
1094 4332 1134 4393 ad
1161 4337 1240 4396 tunc
1265 4348 1392 4393 struccione

91 4444 330 4528 superexistens
357 4444 391 4502 et
410 4438 451 4499 (16
472 4435 525 4498 die
547 4433 583 4494 in
601 4430 690 4492 diem
712 4428 752 4489 ad
775 4430 894 4489 terram
918 4446 1066 4488 corruens
1084 4427 1239 4493 ultimum
1263 4407 1397 4464 campanas.
