3074 5032
676 316 882 370 Mnuorulus
908 315 952 368 OF
978 315 1088 369 RIPON

314 486 392 549 licet
412 488 452 551 ad
475 488 617 551 eundem
640 487 728 548 diem
751 487 898 570 legitime
914 485 1022 547 citatis
1038 485 1128 549 etde
1144 486 1297 569 aequitate
1312 487 1467 550 canonica

314 603 417 665 usque
441 585 476 647 in
492 585 580 646 diem
603 583 738 644 Veneris
762 604 850 665 prox.
868 588 1057 664 sequentem
1080 582 1254 666 benignius
1276 585 1467 666 expectatis,

313 685 475 741 reservata
484 681 587 741 eciam
603 679 696 741 nobis
713 679 895 762 specialiter
911 682 1083 758 potestate,
1093 699 1204 740 omnes
1215 680 1467 760 praenominatos

312 777 480 838 canonicos
496 781 575 837 tuno
590 775 740 837 absentes
756 796 814 856 pro
826 774 989 856 praeterita
1000 794 1056 834 sua
1065 776 1267 836 contumacia
1279 774 1465 853 manifesta,

313 872 366 933 die
382 873 485 933 Lunae
501 872 646 953 proxima
660 875 734 953 post
755 871 877 932 festum
893 870 989 931 Beati
1011 869 1181 932 Michaelis
1197 892 1285 953 prox.
1301 870 1464 951 futurum,

312 968 353 1029 ad
379 988 479 1049 quem
505 968 593 1029 diem
623 968 754 1029 eosdem
784 966 934 1028 absentes
964 968 1133 1028 canonicos
1162 958 1365 1029 decrevimus
1395 967 1463 1030 fore

312 1063 470 1141 citandoS,
493 1063 770 1124 animadversione
793 1062 953 1143 condigna
979 1062 1063 1122 sicut
1085 1061 1215 1145 justum
1239 1062 1341 1124 fuerit
1367 1064 1464 1143 puni·

311 1160 398 1220 endi.
444 1159 511 1220 Nos
534 1158 765 1220 nichilominus
788 1159 874 1239 quod
890 1178 929 1218 ex
951 1157 1054 1219 officio
1075 1164 1185 1220 nostro
1208 1159 1369 1221 incumbit
1392 1160 1463 1221 sine

310 1254 515 1337 negligencia
542 1254 688 1335 qualibet
712 1254 752 1314 ad
775 1251 931 1314 honorem
956 1253 1029 1331 Dei,
1051 1259 1086 1314 et
1108 1259 1239 1336 propter
1261 1255 1369 1316 zelum
1392 1255 1464 1316 ani·

310 1370 437 1411 marum
468 1350 606 1411 ulterius
637 1351 753 1431 exequi
783 1351 963 1430 cupientes,
993 1350 1083 1410 vobis
1113 1355 1225 1412 tenore
1249 1351 1462 1432 praesencium

309 1445 513 1528 injungimus
539 1452 573 1506 et
603 1446 794 1506 mandamus
826 1447 981 1527 quatinus
1012 1447 1263 1526 praenominatos
1293 1447 1462 1509 canonicos

309 1539 511 1622 Philippum,
523 1541 737 1619 Willelmum,
753 1541 775 1603 J
776 1539 948 1618 ohannem,
961 1546 995 1602 et
1010 1541 1176 1624 Egidium‚
1188 1563 1225 1603 ac
1240 1546 1372 1604 caeteros
1384 1563 1462 1603 con-

308 1636 425 1698 fratres
446 1641 580 1715 vestros,
597 1638 697 1698 citare
723 1642 758 1698 et
784 1657 957 1698 convocare
982 1639 1115 1714 ceretio,
1139 1638 1224 1718 quod
1249 1638 1462 1721 personaliter

309 1739 441 1814 propter
471 1734 597 1815 negocii
622 1731 863 1794 vehemeneiam
891 1733 978 1794 dicto
1009 1734 1061 1795 die
1091 1735 1193 1795 Lunae
1223 1735 1258 1794 in
1282 1739 1461 1796 memorato

308 1829 451 1910 capitulo
478 1834 693 1910 compareant,
718 1834 752 1890 et
778 1849 833 1890 vos
858 1849 970 1890 omnes
994 1835 1029 1891 et
1054 1830 1186 1912 singuli,
1207 1831 1330 1891 eisdem
1349 1830 1402 1892 die
1425 1837 1460 1894 et

307 1925 387 2002 loco,
412 1927 623 2007 compareatis
648 1925 861 2007 personaliter
884 1945 991 1986 coram
1017 1927 1110 1987 nobis
1134 1927 1169 1999 in
1194 1928 1316 1988 virtute
1342 1933 1459 1990 sanctae

307 2021 514 2098 obedienciae,
539 2026 574 2083 et
599 2021 659 2082 sub
684 2021 795 2082 debito
814 2019 996 2102 juramenti
1026 2023 1165 2102 praestiti
1188 2022 1284 2084 dictae
1315 2023 1460 2086 ecclesiae

307 2116 444 2198 Rypon’,
459 2137 585 2178 necnon
602 2123 637 2178 et
652 2116 711 2177 sub
728 2136 821 2196 poena
834 2119 1051 2198 suspensionis
1067 2139 1086 2179 a
1095 2120 1304 2200 percepcione
1313 2118 1461 2200 praeben-

189 2234 192 2238 ’
306 2214 421 2275 darum
437 2232 568 2272 suarum
580 2216 614 2273 et
626 2217 817 2288 vestrarum,
829 2213 1051 2276 visitacionem
1061 2220 1204 2276 nostram
1214 2215 1289 2296 jure
1300 2215 1461 2277 ordinario

306 2308 487 2371 faciendam
505 2309 574 2369 sine
590 2308 744 2369 tarditate
761 2309 907 2390 qualibet
928 2311 962 2370 in
978 2309 1081 2371 forma
1099 2310 1184 2393 juris
1201 2309 1373 2373 humiliter
1390 2332 1461 2374 sus-

306 2405 443 2486 cepturi,
459 2425 495 2465 ac
522 2405 557 2465 in
573 2404 723 2466 omnibus
747 2411 781 2466 et
804 2405 941 2487 singulis
964 2406 1109 2468 articulis
1133 2405 1322 2490 hujusmodi
1346 2407 1461 2470 visita·

305 2502 432 2563 cionem
462 2505 605 2562 nostram
635 2502 901 2583 contingentibus
932 2503 1157 2583 quoquomodo
1188 2504 1258 2565 sine
1284 2503 1460 2585 cujuslibet

307 2597 525 2659 excusacionis
540 2596 688 2678 diffugio,
704 2597 859 2674 audituri,
870 2595 999 2676 facturi,
1013 2603 1046 2660 et
1057 2601 1219 2680 recepturi
1229 2600 1315 2682 quod
1326 2599 1461 2682 justicia

306 2694 358 2757 vel
385 2694 520 2775 aequitas
552 2692 713 2770 suadebit,
737 2713 832 2773 super
855 2694 1012 2755 eitacione
1034 2699 1068 2756 et
1090 2697 1320 2757 convocacione
1343 2694 1459 2779 hujus-

306 2791 394 2852 modi
409 2797 472 2851 nos'
484 2788 700 2850 certificantes
715 2788 755 2849 ad
770 2789 859 2850 diem
874 2810 932 2870 per
947 2796 1068 2852 vestras
1091 2796 1242 2872 patentes
1257 2792 1380 2872 literas,
1395 2798 1460 2856 etc.

307 2886 381 2947 Dat.
398 2884 533 2966 Rypon’,
550 2884 580 2965 vj
601 2883 674 2946 Kal.
690 2884 775 2966 Aug.
792 2890 882 2965 pont.
898 2887 1001 2947 nostri
1015 2907 1100 2948 anno
1117 2893 1218 2950 sexte.

131 3111 173 3170 (sl
185 3110 220 3169 α)
374 3075 623 3138 Memorandum
639 3075 725 3157 quod
742 3097 807 3138 una
828 3077 923 3138 litera
938 3076 1090 3159 dirigitur
1112 3080 1256 3161 capitulo
1270 3081 1396 3164 Rypon'
1417 3083 1459 3145 ad

132 3170 262 3288 ssffglfgl
308 3175 427 3236 citand.
445 3172 590 3234 ‘clerum
614 3177 648 3234 et
664 3174 820 3255 populum
836 3172 977 3234 ecclesiae
993 3179 1027 3235 et
1047 3177 1293 3256 praebendarum
1307 3179 1460 3240 tuarum’

138 3313 248 3361 Vim
308 3270 350 3334 tn
370 3269 490 3353 formo
513 3288 623 3351 cupro
647 3274 703 3345 ost,
726 3290 812 3331 anno
838 3270 954 3351 primo,
976 3270 1016 3330 ad
1041 3271 1129 3332 diem
1155 3274 1257 3336 Lunae
1281 3295 1369 3357 prox.
1385 3280 1459 3357 post

133 3375 220 3420 cleriei
309 3373 432 3433 festum
447 3365 541 3426 Beati
565 3362 735 3426 Michaelis
758 3366 793 3426 in
809 3366 945 3427 ecelesia
967 3366 1103 3448 Rypon',
1119 3373 1153 3429 et
1174 3371 1260 3451 quod
1274 3371 1459 3434 certificent

127 3432 255 3537 {fflff'
309 3463 349 3524 ad
365 3461 452 3522 diem
469 3460 611 3521 subdat.
628 3460 754 3542 Rypon.
769 3482 811 3523 xv
827 3462 901 3523 Kal.
919 3461 1009 3543 Sept.
1025 3469 1116 3544 pont.
1133 3469 1196 3526 etc.
1212 3465 1279 3547 vj‘0.

100 3599 103 3605 ,
128 3551 232 3612 probea-

150 3626 164 3654 a

133 3612 233 3728 iffi.
376 3651 499 3715 Lattara
522 3650 561 3733 of
575 3650 765 3734 protectioo
782 3652 845 3736 for
866 3654 935 3716 Mr.
956 3651 1049 3718 John
1071 3654 1111 3718 de
1133 3654 1271 3739 Ebroyo,
1289 3678 1400 3722 canon
1422 3659 1462 3744 of

132 3729 262 3832 &1292
309 3746 434 3814 Suwetl
450 3752 478 3808 et
493 3746 627 3829 Rpport.
674 3748 813 3810 Viterbii
833 3753 871 3811 12
889 3750 962 3813 Kal.
979 3751 1072 3828 Maii,
1091 3753 1186 3817 1292.

131 3847 190 3904 Apr.
201 3845 239 3891 ao.

134 3968 190 4028 (84)
376 3937 579 4023 lojanctioo
596 3945 628 4001 to
644 3936 779 4023 chapter
801 3940 840 4023 of
858 3938 978 4024 Ripoo
994 3948 1025 4005 to
1041 3940 1103 4006 cite
1118 3964 1245 4006 conone
1261 3944 1333 4008 aad
1348 3943 1459 4010 vicora

134 4023 275 4144 aar
311 4033 736 4216 ‘trattati
757 4036 1066 4197 attat·
1406 4041 1460 4152 t

311 4157 498 4314 iaibectr‘og
513 4153 790 4308 tithayLondyrn,
810 4231 849 4291 19
865 4228 943 4292 Kot.
959 4156 1208 4317 Sgpdmgiomcd
1220 4157 1459 4315 modilia&

312 4325 474 4406 Beoerley,
498 4322 570 4387 aad
591 4322 675 4385 York
699 4324 868 4409 Chapters,
884 4326 957 4389 and
972 4333 1004 4390 to
1028 4326 1079 4390 the
1098 4326 1272 4411 coartatos
1290 4327 1339 4393 St.
1357 4329 1458 4412 Many

314 4421 386 4485 ond
401 4418 452 4483 the
467 4418 592 4498 Aapets
607 4418 649 4481 ta
669 4418 779 4502 Yorlr.)
