3074 5032
77 389 82 399 ,
122 311 193 383 164

656 326 862 379 Mancellus
886 325 931 378 Ol*
955 325 1076 386 aleon,

121 509 271 569 gloryofour
295 501 330 559 et
360 498 430 559 Deo
458 495 586 558 assidue
616 493 860 572 famulancium,
882 493 923 556 ad
952 493 1134 556 animarum
1157 492 1308 570 salutem,
1329 492 1445 576 populi

121 572 221 614 western

121 628 243 687 churches,

119 1007 173 1039 nov
184 995 257 1040 much

121 1055 192 1122 needs

120 1125 217 1170 repaire.

118 1850 163 1895 We
174 1850 248 1896 desire

117 1912 143 1953 to
153 1910 208 1965 give
219 1910 252 1955 all

116 1968 158 2012 the
169 1968 223 2026 help

114 2039 150 2071 we
161 2040 213 2073 can.

48 2156 51 2162 ὁ
116 2107 172 2150 And
183 2120 218 2151 re·

116 2166 184 2267 quire
194 2179 242 2223 you

126 2225 258 2283 avourably

115 2285 141 2327 to
150 2282 242 2328 receive

115 2354 159 2384 our
169 2342 214 2386 col·

115 2398 208 2444 lectors.

115 2715 173 2773 (208
183 2716 218 2769 11.)

113 2775 148 2820 Το
159 2774 256 2834 publish

112 2833 202 2878 former
210 2835 247 2879 in·

114 2892 249 2950 dulgences.

295 593 505 655 devocionem
532 592 752 669 excitandum,
778 611 814 652 ae
840 591 1000 653 ortodoxae
1021 590 1099 653 fidei
1127 591 1379 668 incrementum,
1402 590 1445 653 ab

296 690 432 771 antiquo
447 688 562 749 multis
578 688 727 769 expensis
743 691 927 748 constructa
949 691 985 748 et
1006 686 1117 748 dotata
1131 685 1249 764 fuerat,
1264 706 1353 747 nunc
1368 705 1445 747 vero

297 785 422 861 eadem,
442 789 516 846 tum
537 789 671 866 propter
693 786 891 844 vetustatem
913 787 986 842 tum
1008 785 1139 862 propter
1160 781 1379 857 inscienciam,
1393 781 1446 842 in-

296 881 431 957 curiam,
447 884 481 941 et
496 878 731 962 necligenciam
754 877 916 939 artificum
938 896 1010 938 eam
1032 878 1131 939 inicio
1152 876 1393 954 fabricancium,
1408 896 1445 938 ac

296 981 468 1037 ventorum
491 976 645 1057 impetus,
664 973 956 1056 ingruenciumque
978 973 1191 1053 procellarum
1212 972 1361 1034 turbines
1375 973 1445 1034 vio·

294 1071 411 1148 lentas,
441 1071 477 1132 in
506 1069 670 1152 lapidibus
697 1073 732 1130 et
757 1069 858 1152 lignis
889 1069 955 1129 suis
984 1069 1065 1130 adeo
1094 1072 1253 1150 corrupta,
1283 1073 1445 1149 quassata,

295 1167 444 1242 lacerata,
468 1170 502 1226 11
527 1165 629 1227 fracta
652 1165 808 1241 comitur,
830 1163 916 1245 quod
938 1163 979 1224 ad
1000 1163 1130 1224 ruinam
1152 1169 1187 1225 et
1208 1163 1444 1225 desolacionem

295 1263 482 1337 maximam,
497 1261 583 1342 quod
598 1260 755 1337 dolenter,
770 1279 837 1320 non
860 1259 930 1321 sine
945 1260 1073 1341 magnis
1089 1259 1246 1341 suspiriis,
1260 1257 1445 1336 referimus,

294 1357 330 1417 in
361 1357 503 1438 proximo
534 1353 621 1417 haud
651 1354 749 1416 dubie
779 1355 960 1417 deventura
990 1359 1052 1431 est,
1074 1355 1150 1431 nisi,
1172 1354 1291 1416 Divina
1311 1354 1444 1418 favente

295 1452 482 1528 clemencia,
497 1450 680 1512 remedium
689 1449 791 1511 celere
807 1455 842 1511 11
852 1455 1048 1530 oportunum
1060 1451 1095 1510 in
1106 1470 1145 1511 ea
1159 1456 1250 1531 parte
1259 1452 1443 1533 appositum

295 1548 338 1608 sit
370 1552 405 1607 11
434 1547 599 1628 provisum
630 1546 747 1622 eidem,
778 1546 956 1607 caritativis
991 1544 1257 1608 Christifidelium
1293 1546 1444 1610 subsidiis

295 1643 508 1704 subveniatur
537 1662 613 1702 cum
639 1641 813 1702 facultates
840 1641 881 1702 ad
910 1641 945 1702 id
975 1646 1194 1703 astructorum
1223 1642 1288 1704 nisi
1312 1642 1443 1706 divinus

293 1739 402 1799 cultus
440 1739 532 1820 quasi
562 1738 597 1798 in
627 1741 698 1798 toto
727 1736 898 1799 tolleretur
936 1757 993 1798 seu
1029 1738 1173 1800 multum
1204 1738 1446 1802 diminueretur

293 1833 357 1896 hiis
380 1834 494 1896 diebus
517 1854 582 1894 non
604 1833 785 1907 sufficiant3
807 1832 875 1895 Nos
891 1853 967 1894 vcro
981 1837 1075 1895 tanto
1098 1834 1278 1895 discrimini
1299 1836 1445 1916 paternis

292 1929 463 1991 affectibus
489 1929 669 2010 prospicere
693 1929 891 2005 censuimus,
914 1933 959 2004 et,
982 1929 1207 2010 spiritualibus
1231 1931 1349 2012 quibus
1370 1950 1445 2012 pos-
1525 1944 1532 1950 '

294 2046 406 2087 sumus
437 2025 541 2101 donis,
570 2025 821 2087 misericorditer
852 2044 1046 2102 succurrere,
1076 2031 1219 2087 vestram
1248 2029 1445 2089 universita-

290 2125 360 2182 tem
381 2121 588 2202 requirimus,
610 2140 772 2202 rogamus,
795 2125 830 2180 et
851 2118 1020 2182 hortamur
1049 2121 1084 2182 in
1114 2121 1265 2198 Domino,
1288 2123 1445 2204 quatinus

292 2236 367 2276 cum
394 2216 463 2277 veri
486 2220 707 2296 procuratores
733 2216 799 2276 sive
824 2216 936 2276 nuncii
962 2216 1103 2278 ecclesiae
1128 2217 1305 2301 collegiatae
1332 2217 1445 2280 Sancti

292 2310 435 2372 Wilfridi
460 2310 576 2392 Ripon’
602 2312 773 2372 antedictae
800 2311 840 2372 ad
870 2331 926 2373 vos
951 2331 1009 2372 seu
1031 2311 1100 2373 loca
1122 2318 1229 2374 vestra
1250 2314 1446 2375 accesserint

291 2407 439 2469 fidelium
460 2406 651 2468 elemosinas
674 2407 822 2488 petituri,
844 2406 923 2468 licet
944 2404 1241 2470 archidiaconorum
1257 2414 1444 2471 nostrorum

293 2524 351 2565 seu
381 2503 567 2564 officialium
594 2503 770 2566 eorundem
792 2509 1044 2585 caeterarumque
1070 2503 1339 2586 jurisdiccionum
1369 2526 1445 2568 cus·

290 2600 407 2662 todum
421 2618 701 2682 quorumcumque
717 2598 828 2660 literas
843 2619 1048 2680 nequaquam
1063 2598 1204 2662 habeant
1218 2602 1254 2662 in
1270 2600 1329 2663 hac
1338 2607 1444 2684 parte,

292 2699 369 2757 ante
380 2695 460 2756 alios
470 2698 645 2776 quaestores
656 2714 864 2776 quoscunque
873 2695 1085 2756 admissorum
1094 2696 1146 2758 vel
1155 2697 1444 2775 admittendorum,

291 2790 513 2852 favorabiliter
535 2790 699 2872 recipiatis
722 2794 757 2851 et
783 2790 987 2865 admittatis3
1012 2791 1194 2874 privilegia,
1217 2792 1445 2876 indulgencias

292 2886 433 2968 praefatae
458 2885 600 2947 ecclesiae
624 2885 802 2967 collegiatae
833 2884 944 2947 Sancti
966 2885 1110 2947 Wilfridi
1132 2886 1249 2969 Ripon’
1270 2890 1446 2952 antedictae

292 2982 412 3065 populo
426 2980 516 3043 vobis
532 2969 702 3043 commisso
719 2982 886 3062 exponatis
901 2986 935 3042 et
950 2981 1134 3062 publicatio,
1147 3003 1183 3043 ac
1198 3003 1255 3064 per
1269 2985 1400 3046 eosdem
1410 2989 1445 3047 et

293 3099 405 3140 eorum
420 3074 500 3158 (cic)
517 3097 574 3137 seu
595 3096 707 3138 eorum
723 3076 866 3159 aliquem
880 3077 997 3157 exponi
1012 3081 1047 3138 et
1060 3078 1218 3159 publicari
1232 3080 1446 3161 permittatis,

291 3175 437 3255 illudque
460 3174 552 3254 pium
572 3173 744 3254 negocium
758 3173 855 3234 verbo
870 3173 990 3254 pariter
1006 3177 1040 3233 et
1055 3175 1202 3256 exemplo
1220 3180 1446 3257 promoveatis,

292 3271 482 3331 mandantes
505 3267 643 3329 firmiter
668 3267 871 3350 injungendo
900 3269 1055 3349 quatinus
1085 3269 1171 3350 quod
1201 3290 1241 3331 ex
1270 3271 1445 3335 devocione

291 3365 439 3426 fidelium
469 3365 504 3424 in
536 3361 595 3424 hac
618 3370 709 3445 parte
741 3363 893 3425 collatum
915 3363 1015 3426 fuerit
1046 3385 1103 3426 seu
1126 3366 1282 3448 legatum,
1306 3366 1341 3429 id
1362 3367 1444 3451 ipsis

291 3458 550 3540 procuratoribus
573 3477 631 3519 seu
655 3478 768 3519 eorum
791 3458 888 3519 alicui
911 3458 1036 3521 faciatis
1060 3460 1210 3522 celeriter
1239 3466 1273 3524 et
1301 3462 1445 3526 fideliter

292 3554 432 3615 liberari.
478 3553 532 3630 Et,
555 3558 594 3614 ut
616 3558 742 3614 mentes
765 3559 886 3616 vestras
908 3560 943 3616 et
964 3556 1099 3618 aliorum
1121 3554 1387 3620 christifidelium
1402 3558 1445 3621 ad

292 3648 456 3730 praemissa
477 3648 668 3730 propenoius
684 3649 873 3726 excitemus,
889 3650 929 3712 de
950 3650 1012 3712 Dei
1028 3651 1270 3734 Omnipotentis
1284 3654 1447 3717 immensa

294 3743 512 3806 misericordia
542 3748 576 3805 et
605 3744 806 3806 Beatissimae
837 3746 949 3809 Mariae
979 3747 1124 3829 Virginis
1153 3749 1270 3812 Matris
1300 3770 1377 3827 suae,
1407 3771 1447 3813 ac

295 3839 470 3901 Beatorum
493 3841 585 3902 Petri
600 3845 634 3902 et
650 3839 745 3901 Pauli
760 3840 988 3921 Apostolorum
1004 3842 1087 3924 ejus,
1110 3864 1236 3907 necnon
1259 3849 1446 3908 sanctorum

292 3935 510 3998 confessorum
524 3934 692 4012 Willelmi,
704 3935 726 3997 J
726 3933 872 4014 ohannis,
884 3942 919 3998 et
930 3937 1083 4015 Wilfridi‚
1095 3945 1304 4021 patronorum
1318 3949 1448 4004 nostro·

292 4052 378 4109 rum,
399 4032 611 4112 omniumque
636 4030 827 4093 Sanctorum
852 4033 976 4094 meritis
1001 4038 1035 4095 et
1059 4035 1209 4115 precibus
1232 4036 1445 4116 confidentes,

292 4127 419 4189 cunctis
435 4125 634 4191 Christicolis
648 4147 707 4209 per
722 4131 846 4189 nostras
869 4128 1049 4207 civitatem,
1068 4131 1244 4209 dioecesim,
1265 4136 1299 4193 et
1313 4134 1447 4214 provin-

292 4225 377 4286 ciam
391 4223 486 4286 Ebor.
507 4224 648 4286 ubilibet
662 4224 860 4300 constitutis,
877 4230 912 4286 et
928 4224 1001 4286 aliis
1019 4246 1156 4307 quorum
1172 4228 1343 4290 dioecesani
1358 4225 1446 4293 hanc

292 4325 437 4381 nostram
459 4319 701 4402 indulgenciam
716 4324 820 4381 ratam
835 4317 1010 4382 habuerint
1025 4322 1145 4402 pariter
1161 4328 1196 4386 et
1209 4329 1386 4405 acceptam,
1402 4325 1445 4389 de

293 4415 431 4497 peccatis
441 4416 506 4475 suis
518 4434 592 4476 vere
601 4415 847 4495 poenitentibus,
861 4416 1021 4496 contritis,
1033 4421 1068 4479 et
1076 4416 1238 4496 confessis,
1248 4421 1305 4500 qui
1314 4419 1446 4486 fabricae
