3068 5024
121 319 169 388 66

119 513 161 572 (24
171 513 206 572 o.)

120 583 170 618 aa).

120 630 229 676 laio-11.

119 687 135 734 J
136 701 175 734 an.
186 689 207 733 8.

121 770 251 816 Commissio

81 840 83 844 ⁴
111 830 218 888 fastais

117 889 207 946 nepocio

113 947 242 1004 probem

117 1004 235 1049 Jotanna

110 1062 179 1122 filius
190 1062 249 1120 (sic)

117 1120 219 1166 Brancii
227 1121 257 1165 de

120 1179 258 1224 Sarracenos

117 1238 142 1281 in
153 1237 245 1282 eeclen'a

117 1295 208 1355 Rypon.

653 335 860 387 MEMORIALS
885 335 930 386 Ol*
955 336 1074 388 RIPON.
1149 408 1152 412 A

362 502 556 580 Willelmus,
571 502 781 584 permissione
795 502 924 581 Divina,
936 507 998 565 etc.
1014 503 1140 565 dilectis
1155 501 1231 563 filiis
1254 546 1263 564 .
1288 547 1296 564 .
1319 501 1440 564 decano

296 598 437 660 ecclesiae
471 601 589 660 nostrae
619 598 715 660 Ebor.
745 602 779 659 et
803 643 811 660 .
835 642 844 659 .
867 598 995 660 officiali
1023 602 1134 659 nostro
1163 597 1258 659 Ebor.
1289 598 1440 675 salutem,

295 695 446 776 graciam,
463 699 497 756 et
511 694 784 756 benediccionem.
829 693 963 755 Dudum
984 695 1020 754 in
1044 694 1181 756 eeclesia
1199 699 1309 756 nostra
1323 692 1440 774 Ripon’

295 790 492 850 visitacionis
517 789 657 851 officium
683 794 888 851 excercentes
914 789 1128 870 comperimus
1158 789 1244 870 quod
1273 787 1440 852 Johannes

295 884 382 946 filius
405 884 522 945 Branci
546 885 722 961 sarraceni,
737 885 962 946 canonicatum
985 888 1019 946 et
1041 884 1245 966 praebendam
1266 885 1306 946 de
1321 882 1439 965 Thorp’

294 981 329 1040 in
344 981 414 1061 ipsa
428 980 561 1041 ecclesia
576 999 734 1061 occupans
756 999 815 1061 per
829 979 940 1040 literas
966 980 1170 1060 surrepticias
1185 979 1313 1041 stelias
1328 979 1437 1040 minus

293 1076 446 1137 canonice
474 1082 523 1138 est
546 1076 683 1156 adeptus
708 1075 849 1153 eosdem,
872 1076 1021 1157 quodque
1044 1095 1111 1136 non
1134 1079 1184 1136 est
1206 1075 1353 1152 clericus,
1375 1095 1437 1136 neo

292 1192 350 1253 pro
364 1171 480 1233 clerieo
496 1191 530 1232 se
541 1172 637 1253 gerit,
649 1171 706 1231 sed
721 1190 791 1232 esse
806 1171 927 1232 dicitur
942 1169 1145 1254 conjugatus,
1161 1175 1195 1232 et
1210 1171 1288 1232 licet
1303 1170 1436 1252 quidam

292 1267 352 1329 sub
366 1267 481 1329 umbra
497 1268 547 1327 sui
561 1265 701 1326 hominis
724 1265 848 1327 fructus
864 1269 899 1327 et
912 1270 1087 1347 proventus
1102 1266 1143 1327 ad
1158 1267 1383 1328 canonicatum
1400 1271 1435 1327 et

116 1376 155 1423 He
165 1378 186 1423 is
198 1380 266 1424 nora
292 1362 499 1443 praebendam
521 1361 651 1424 eosdem
674 1365 858 1442 spectantes
873 1363 1076 1443 perceperint
1091 1365 1126 1423 et
1139 1362 1332 1443 percipiant,
1347 1361 1437 1422 idem

116 1437 188 1491 clerk,
199 1437 243 1482 but

116 1493 138 1539 is
148 1496 200 1540 said
212 1498 237 1541 to

116 1552 145 1598 be
155 1553 267 1600 married.

115 2225 161 2272 We
171 2225 234 2271 have

116 2286 180 2330 cited
190 2284 242 2329 him

118 2345 143 2388 to
152 2357 167 2388 a
184 2357 240 2401 pear

117 2404 144 2446 at
176 2402 218 2446 ork
228 2415 259 2447 on

116 2460 157 2505 the
169 2460 225 2505 l5th

116 2517 144 2565 ol
151 2521 212 2565 next

117 2577 236 2637 January.

119 4245 176 4303 (25)

118 4315 172 4354 an.

121 4359 231 4410 1310-11.

116 4420 174 4471 san.
186 4422 208 4466 8.

291 1463 401 1519 tamen
415 1457 438 1520 J
439 1454 592 1534 ohannes,
610 1461 668 1518 aut
682 1456 765 1517 alius
787 1476 845 1517 suo
862 1457 1005 1535 nomine,
1021 1456 1157 1518 aedificia
1172 1457 1213 1517 ad
1234 1457 1321 1538 ipsos
1346 1476 1436 1538 spec·
1512 1538 1515 1542 Δ

292 1553 399 1614 tancia
421 1546 529 1614 ruinae¹
543 1551 613 1634 jarn
636 1553 781 1633 exposita
795 1551 926 1613 reficere
941 1572 1006 1614 non
1021 1554 1159 1629 curavit,
1173 1572 1233 1614 nec
1255 1552 1318 1613 alia
1339 1571 1437 1612 onera

291 1649 355 1729 ipsi
370 1646 526 1709 beneficio
543 1646 769 1708 incumbencia
792 1652 989 1729 supportare,
1011 1668 1083 1730 quae
1105 1652 1174 1710 tam
1194 1649 1230 1709 in
1244 1647 1435 1710 visitacione

291 1743 446 1824 praedicta
469 1761 566 1823 quam
590 1743 704 1822 saepius
730 1746 825 1804 antea
849 1743 967 1804 clamor
992 1748 1027 1804 et
1052 1743 1137 1804 fama
1158 1743 1277 1805 nostris
1304 1742 1435 1804 auribus

291 1828 498 1916 nunciarunt,
514 1842 559 1916 et,
575 1839 660 1920 quod
683 1859 750 1900 non
774 1839 843 1900 sine
865 1839 970 1901 cordis
992 1840 1209 1922 amaritudine
1232 1838 1436 1922 proferimus,

291 1935 389 2016 vulgo
414 1933 543 2015 publice
568 1934 771 2014 praedicatur,
795 1935 881 2016 quod
903 1954 968 1995 non
998 1935 1095 1997 aliter
1116 1936 1324 2017 praesumitur
1347 1934 1436 1995 idem

291 2028 313 2091 J
315 2027 458 2089 ohannes
474 2048 543 2089 esse
559 2028 744 2104 canonicus,
761 2030 824 2089 nisi
847 2050 887 2091 ex
909 2049 947 2089 eo
962 2031 1094 2088 tantum
1117 2029 1351 2109 quodquidam
1376 2026 1437 2088 sub

291 2122 406 2184 umbra
427 2122 568 2183 nominis
591 2123 693 2203 ipsius
708 2120 868 2185 ¹iohannis
890 2121 1014 2183 fructus
1037 2127 1072 2182 et
1094 2126 1270 2204 proventus
1285 2121 1437 2183 beneficii

292 2217 439 2299 praedicti
464 2218 651 2299 percipiunt
675 2224 710 2278 et
735 2222 911 2298 asportant.
956 2216 1112 2278 Volentes
1138 2218 1249 2298 itaque
1277 2237 1317 2278 ex
1341 2216 1438 2278 officii

293 2314 397 2374 nostri
412 2312 523 2375 debito
539 2332 634 2394 super
649 2311 714 2374 hiis
730 2316 764 2374 et
779 2312 973 2395 quibusdam
987 2313 1058 2374 aliis
1074 2313 1312 2375 in'visitacione
1326 2317 1438 2375 nostra

292 2409 464 2490 compertis
490 2409 662 2489 procedere
688 2411 800 2469 contra
823 2409 940 2489 ipsum,
966 2407 1106 2469 eundem
1130 2405 1313 2473 Johannem
1341 2428 1437 2489 super

292 2503 464 2586 praemissis
501 2503 637 2565 fecimus
674 2504 890 2585 peremptorie
926 2523 1032 2563 coram
1069 2503 1163 2564 nobis
1199 2504 1240 2565 ad
1273 2501 1436 2585 judicium

292 2599 428 2676 evocari,
444 2599 530 2680 quod
554 2599 680 2660 decimo
701 2600 817 2680 quinto
839 2599 892 2659 die
914 2599 1035 2660 mensis
1051 2598 1200 2661 Januarii
1217 2618 1306 2679 prox.
1324 2597 1435 2659 subse·

293 2695 425 2776 quentis
452 2695 487 2754 in
513 2693 650 2756 ecclesia
674 2698 785 2755 nostra
803 2692 987 2757 Cathedrali
1013 2693 1106 2756 Beati
1130 2694 1221 2761 Petri
1243 2693 1340 2755 Ebor.
1362 2712 1436 2774 per-

294 2789 448 2850 sonaliter
476 2792 660 2870 compareat
681 2809 787 2850 coram
811 2789 903 2850 nobis
927 2788 980 2850 vel
1004 2833 1012 2849 .
1036 2833 1044 2849 .
1067 2789 1295 2850 commissariis
1316 2787 1459 2849 nostris-

293 2904 388 2966 super
410 2885 582 2966 praemissis
604 2889 640 2945 et
660 2884 733 2945 aliis
756 2884 949 2964 quibusdam
975 2883 1121 2945 articulis
1154 2884 1294 2945 salutem
1319 2883 1435 2944 animas

293 3001 359 3042 suae
382 2980 657 3063 contingentibus,
672 2980 713 3041 de
736 2981 853 3061 quibus
869 2981 947 3062 ipse
969 3000 1035 3060 prae
1057 2981 1180 3041 caeteris
1203 2979 1295 3042 novit
1316 2978 1435 3040 melius

292 3076 474 3153 veritatem,
489 3095 711 3157 responsurus,
726 3096 762 3136 ac
777 3076 817 3137 de
832 3076 969 3137 veritate
992 3074 1129 3136 dicenda
1153 3095 1248 3156 super
1264 3073 1328 3135 hiis
1346 3073 1436 3157 jura-

292 3177 397 3248 turus,
406 3171 614 3253 facturusque
627 3171 764 3232 ulterius
780 3175 815 3232 et
825 3175 1015 3253 recepturus
1027 3171 1112 3252 quod
1124 3169 1259 3252 justicia
1275 3169 1435 3246 suadebit,

292 3271 390 3348 prout
411 3286 469 3348 per
484 3265 631 3349 ejusdem
654 3267 820 3328 citacionis
842 3267 1036 3341 auctoritate
1058 3265 1152 3326 factae
1174 3263 1435 3327 certificatorium

293 3362 378 3444 quod
408 3361 497 3423 vobis
526 3360 690 3423 mittimus
720 3361 845 3443 liquere
873 3361 994 3443 poterit
1019 3361 1202 3423 manifeste.
1246 3359 1296 3421 De
1319 3360 1437 3421 vestris

293 3458 396 3540 igitur
418 3457 708 3537 circumspeccione
731 3462 766 3518 et
791 3457 954 3518 industria
976 3456 1105 3539 plenius
1127 3455 1323 3518 confidentes
1346 3454 1436 3516 vobis

293 3550 493 3634 conjunctim
509 3556 543 3614 et
558 3551 688 3613 divisim
702 3553 738 3612 in
753 3552 840 3614 dicto
863 3553 997 3635 negocio
1018 3555 1052 3614 et
1074 3551 1156 3613 illud
1171 3549 1437 3632 contingentibus

294 3647 335 3710 ad
350 3647 620 3730 cognoscendum,
635 3647 886 3729 procedendum,
897 3646 1189 3728 pronunciandum,
1200 3644 1437 3720 diffiniendum,

295 3747 329 3806 et
345 3742 570 3824 exequendum
585 3746 681 3823 prout
701 3741 830 3825 justum
845 3743 946 3806 fuerit
961 3743 1197 3806 committimus
1211 3742 1298 3804 vices
1312 3745 1438 3802 nostras
1498 3773 1500 3776 ·

294 3859 370 3901 cnm
408 3836 604 3899 cohercionis
642 3839 802 3900 canonicae
832 3842 1002 3921 potestate.
1062 3837 1186 3913 Valete.
1246 3837 1320 3898 Dat.
1352 3834 1439 3917 apud

295 3935 438 4011 Cawode,
461 3932 492 4015 vj
517 3932 566 3996 Id.
590 3932 722 3995 Januar.
741 3935 835 3995 Anno
857 3935 972 4018 graciae
995 3933 1047 3994 Μο
1062 3941 1129 3995 ccc⁰
1151 3933 1287 4010 decimo,
1303 3936 1337 3994 et
1358 3950 1439 4012 pon-

291 4031 439 4094 tificatus
455 4029 558 4090 nostri
573 4029 699 4110 quinto.

361 4231 562 4297 Reloaatc'oa
593 4232 631 4316 of
651 4231 892 4317 sequestrationi
915 4233 954 4319 os
968 4231 1118 4318 pretend
1141 4231 1180 4315 of
1200 4228 1322 4314 Thorp,
1337 4226 1440 4293 'John

294 4327 457 4397 Saraceni
478 4326 604 4409 bociap
627 4328 834 4393 acdcrlcben
853 4350 979 4414 proper
1000 4327 1133 4414 repaire
1158 4326 1198 4410 by
1220 4322 1274 4390 lia
1292 4329 1439 4410 proetus.

295 4424 417 4491 Garrod.
435 4427 453 4485 9
471 4425 545 4486 Kal.
561 4425 639 4493 Feb.
659 4429 752 4488 1310.
