3074 5032
232 398 234 402 ,
277 342 448 395 exserens
473 342 572 394 naon
597 343 694 394 roan
719 341 935 414 ansrsmas3
962 342 1073 394 usur.
1353 320 1424 393 151

95 511 285 592 Jurrsdicclo
300 511 446 593 ejusdem
461 512 501 573 ad
516 512 710 593 praedictum
724 511 906 592 capitulum
918 511 1136 572 communiter
1150 509 1253 591 perti-
1276 518 1319 563 tus
1329 517 1407 564 whole

99 627 180 687 nere¹
201 608 427 685 dinoscuntur,
457 628 660 670 reservamus
683 613 795 670 tamen
825 607 959 690 praefato
989 607 1121 668 domino
1145 604 1251 667 archi·
1275 575 1388 706 ἓίἶξῗζ

98 704 248 785 episcopo
280 711 313 765 et
344 703 581 766 successoribus
612 705 679 766 suis
705 709 745 766 ut
771 704 954 786 antiquitus
984 703 1019 763 in
1046 702 1251 764 ordinacione
1275 720 1418 824 nesbisuop

98 800 292 861 vicariorum
307 800 537 882 praedictorum
552 799 618 862 fuit
632 805 842 879 reservatum,
854 799 1118 882 jurisdiccionem
1134 802 1169 860 et
1183 818 1252 860 cor·
1274 785 1421 897 ξζξῗξῑξθᾎά

98 897 279 957 roccionem
301 917 413 958 eorum
436 897 493 978 qui
517 901 607 959 extra
625 897 889 979 jurisdiccionem
912 897 1015 978 ipsius
1037 895 1173 977 capituli
1195 895 1251 956 de·
1274 897 1419 1012 gffl’atrhe

97 991 265 1072 linquunt.
310 993 399 1053 item
419 1013 494 1053 cum
512 993 724 1078 piscaciones,
739 993 985 1074 aucupacioneS,
1001 996 1036 1054 et
1058 992 1250 1053 venaciones
1271 1013 1383 1072 jussus

99 1088 216 1168 saepius
231 1092 378 1165 causant,
393 1093 537 1166 movent,
554 1093 588 1150 et
610 1090 772 1149 inducunt
794 1087 926 1150 clericos
948 1089 989 1150 ad
1004 1086 1198 1149 insolencias
1216 1091 1252 1148 et
1273 1074 1341 1169 Q·

98 1185 300 1266 vagationes,
323 1183 448 1244 clericis
472 1184 551 1265 ipsis
574 1185 632 1265 qui
655 1204 766 1245 curam
789 1181 913 1246 habent
936 1184 1118 1246 animarum
1143 1188 1178 1245 et
1200 1184 1251 1244 in-
1274 1156 1411 1275 ξὲῗᾷῗξὲζ,

98 1284 219 1341 teresse
249 1278 337 1341 horis
368 1281 530 1341 canonicis
560 1281 712 1358 debeant,
741 1281 777 1340 in
806 1280 917 1342 divina
946 1277 1037 1364 (sic),
1065 1284 1249 1342 sanctorum
1272 1276 1405 1391 ffgslffigt

98 1380 229 1457 patrum
260 1376 531 1438 institucionibus
561 1377 762 1457 permaxime
793 1376 860 1437 sint
885 1374 1068 1458 prohibitae,
1098 1376 1249 1457 quodque
1272 1392 1407 1451 prohibitae

98 1471 251 1553 praefatus
267 1472 556 1534 reverendissimus
571 1477 665 1553 pater
679 1473 720 1534 de
736 1472 823 1549 stile,
839 1472 1054 1548 observancia,
1069 1472 1247 1555 privilegiu,
1272 1466 1373 1558 ξῇξξῇι

97 1573 132 1628 et
154 1568 392 1629 consuetudine
416 1565 576 1630 hactenus
601 1572 735 1649 optenta
758 1572 793 1629 et
815 1569 937 1630 usitata
958 1566 1057 1631 habet
1080 1574 1115 1631 et
1129 1566 1246 1630 habere
1271 1594 1402 1642 'rhonch-

97 1664 215 1726 debeat
240 1663 340 1725 solam
363 1664 542 1726 insolidum
572 1665 788 1747 piscacionem
817 1665 852 1726 in
882 1684 966 1746 aqua
991 1665 1033 1726 de
1056 1664 1142 1726 Yore
1163 1664 1248 1727 infra
1271 1653 1393 1760 fflgssgffias

97 1761 279 1823 dominium
302 1782 399 1823 suum
414 1761 563 1843 Riponiae
584 1762 642 1823 ubi
665 1766 768 1822 terras
793 1758 892 1823 habet
911 1759 1007 1843 juxta
1030 1762 1134 1844 ripam
1156 1782 1247 1843 aquae
1272 1771 1412 1841 thefishing

96 1857 258 1939 praedictae
282 1856 479 1939 adjacentes,
506 1864 541 1920 et
565 1857 715 1920 similiter
739 1857 891 1918 warinam
913 1858 949 1918 in
971 1877 1065 1940 parco
1091 1862 1126 1919 et
1151 1859 1247 1920 terris
1270 1831 1396 1937 ξῂξῐᾟι,

97 1954 165 2014 suis
181 1953 350 2015 dominicis
374 1953 458 2016 infra
481 1955 568 2016 idem
593 1954 773 2016 dominium
799 1973 906 2029 suum,
921 1952 1071 2015 volumus
1094 1954 1197 2036 igitur
1213 1958 1247 2016 et
1270 1948 1341 2052 {2⁰5⁸
1351 1963 1397 2005 are,

97 2050 293 2127 ordinamus,
324 2051 410 2132 quod
440 2055 510 2112 tam
539 2050 685 2112 canonici
715 2069 812 2132 quam
841 2048 898 2110 alii
924 2069 1037 2112 omnes
1064 2054 1098 2111 et
1125 2050 1247 2133 singuli
1270 2022 1423 2128 inlhdssrslekff

97 2145 206 2207 clerici
231 2150 265 2208 et
288 2147 432 2207 ministri
458 2145 600 2208 ecclesiae
624 2145 801 2228 collegiatae
825 2145 986 2226 praedictae
1008 2146 1049 2208 de
1071 2150 1187 2208 caetero
1211 2167 1245 2208 se
1270 2130 1315 2254 ξω·

96 2242 290 2318 abstineant,
305 2247 374 2303 tam
397 2262 417 2303 a
439 2242 619 2324 piscacione
644 2246 679 2304 et
702 2241 847 2322 piscariis
871 2242 1028 2322 ponendis
1049 2242 1085 2302 in
1100 2262 1183 2325 aqua
1205 2242 1246 2304 de
1269 2210 1423 2315 &hillidii

95 2339 181 2401 Yore
193 2340 355 2421 praedicta,
366 2359 464 2420 quam
478 2338 695 2420 aucupacione
711 2342 746 2400 et
757 2338 931 2400 venacione
946 2339 1089 2420 inperce
1104 2343 1140 2401 et
1150 2341 1246 2403 terris
1270 2334 1403 2446 ζζξῃζέῐω

95 2435 265 2497 dominicis
280 2435 384 2516 ipsius
399 2435 661 2497 reverendissimi
676 2435 776 2515 patris
791 2433 876 2495 infra
890 2433 1043 2496 warinam
1059 2455 1149 2497 suam
1165 2455 1246 2518 prae-
1269 2457 1300 2490 no
1310 2445 1400 2505 longer,

95 2531 226 2608 dictam,
237 2533 296 2594 sub
312 2532 416 2612 poenis
431 2531 593 2592 canonicis
609 2535 644 2592 et
658 2530 803 2592 censuris
817 2530 1041 2621 ecclesiasticis
1052 2531 1088 2592 in
1100 2550 1139 2592 ea
1152 2536 1245 2613 parte
1269 2558 1405 2616 cuprinos

95 2633 207 2690 contra
233 2628 463 2710 delinquentes
489 2628 525 2688 in
548 2630 669 2689 eventu
692 2647 750 2708 per
773 2627 915 2688 eundem
936 2627 1245 2690 reverendissimum
1270 2617 1393 2724 ffltiiff

94 2730 222 2807 patrem
247 2729 280 2786 et
305 2724 375 2806 ejus
400 2725 593 2785 auctoritate
617 2722 805 2806 infligendis
835 2728 870 2785 et
895 2721 1118 2786 fulminandis.
1164 2725 1245 2786 Haec
1269 2691 1400 2812 dieseon}

96 2826 215 2898 nostra,
225 2842 300 2903 ymo
311 2822 420 2883 verius
431 2820 559 2903 praefati
569 2819 833 2882 reverendissimi
841 2820 943 2901 patris
958 2823 1083 2883 statuta
1095 2820 1246 2899 salubria,
1269 2823 1414 2885 injunctions

95 2918 320 2994 correcciones‚
336 2923 371 2980 et
394 2916 554 2999 injuncta,
569 2916 666 2998 plene
692 2921 726 2978 et
748 2916 902 2978 distincte
925 2916 1063 2999 singulis
1078 2917 1245 2980 mensibus
1268 2885 1413 2991 fflinblh.

96 3014 198 3075 semel
212 3014 253 3075 ad
267 3014 376 3074 minus
391 3014 427 3074 in
442 3012 586 3094 capitulo
600 3016 708 3073 vestro
723 3015 798 3093 post
811 3010 936 3073 lectum
955 3012 1190 3095 mertilogium,
1206 3018 1245 3075 ut
1268 3001 1409 3108 ffiffiloe

96 3111 141 3172 sic
158 3110 360 3193 singulorum
376 3111 614 3191 impremantur
628 3108 788 3186 cordibus,
803 3106 929 3169 fructus
950 3108 1027 3170 inde
1041 3110 1245 3191 proveniant,
1269 3120 1378 3166 amonth
1389 3125 1416 3168 at

94 3206 223 3267 utinam
239 3207 368 3288 placidi,
383 3207 420 3268 in
435 3206 557 3268 virtute
581 3203 779 3266 obedienciae
800 3204 926 3286 perlegi
948 3207 983 3264 et
1005 3203 1166 3266 observari
1188 3226 1246 3287 per
1268 3177 1401 3283 {queam-rr

95 3304 204 3364 omnia
217 3302 356 3380 faciatis,
372 3303 473 3364 donec
488 3301 577 3363 aliud
591 3300 669 3361 inde
685 3320 704 3360 a
718 3299 852 3381 praefato
866 3300 1137 3362 reverendissimo
1151 3307 1244 3383 pat-re
1269 3296 1389 3357 tyrology.

95 3419 154 3461 seu
167 3399 260 3461 nobis
275 3398 346 3481 ejus
362 3400 494 3461 nomine
509 3396 689 3460 habueritis
710 3396 746 3457 in
767 3396 941 3458 mandatis.
986 3396 1061 3459 Dat.
1077 3396 1194 3480 Ripon’
1208 3398 1245 3460 in

94 3496 188 3558 domo
202 3496 373 3577 capitulari
388 3494 532 3576 praedict.
549 3492 609 3555 sub
633 3491 738 3575 sigillo
753 3492 926 3554 vicariatus
940 3492 1102 3577 generalis
1116 3492 1244 3576 praefati

93 3593 354 3655 reverendissimi
369 3592 470 3673 patris
485 3610 549 3671 quo
563 3589 690 3651 utimur
711 3589 747 3650 in
769 3587 830 3651 hoe
852 3592 939 3666 actu,
954 3589 1108 3652 vicesimo
1129 3594 1245 3673 quarto

95 3687 149 3749 die
164 3690 285 3750 mensis
300 3690 321 3752 J
323 3688 392 3767 ulii,
407 3689 502 3750 Anno
517 3686 650 3748 Domini
664 3685 843 3748 Millesimo
857 3691 966 3748 cccomo
979 3685 1144 3749 tricesimo
1158 3707 1244 3750 nono

96 3786 289 3866 supradicto.

158 3980 327 4043 Universis
348 3990 467 4042 sanctae
490 3978 602 4039 matris
625 3977 777 4039 Ecclesiae
799 3975 875 4037 filiis
897 3974 939 4037 ad
961 3995 1043 4057 quos
1066 3980 1241 4057 praesentes
1266 3985 1368 4045 (1470.)

87 4074 195 4137 ‘literae
209 4081 327 4138 nostrae
342 4075 561 4158 pervenerint.
607 4070 784 4148 Johsnnes,
799 4069 1021 4147 miseracione,
1033 4074 1097 4132 etc.
1141 4070 1240 4134 Pium
1264 4048 1394 4151 ὃῇζξῧω

93 4175 127 4233 et
141 4172 345 4234 meritorium
360 4171 553 4253 obsequium
567 4189 604 4230 ae
626 4168 696 4229 Deo
710 4164 953 4246 beneplacitum
975 4164 1100 4229 tociens
1113 4167 1241 4254 impen·
1263 4188 1416 4249 inensem

92 4269 168 4331 dere
191 4270 360 4352 opinamur
383 4269 537 4350 quociens
565 4263 685 4330 Christi
709 4261 857 4325 fidelium
880 4265 1009 4324 mentes
1031 4262 1072 4324 ad
1095 4264 1240 4328 caritatis
1263 4262 1401 4366 zma-

92 4364 145 4426 vel
173 4365 307 4429 alterius
336 4366 398 4449 piae
428 4363 613 4426 devocionis
643 4380 739 4442 opera
767 4357 927 4420 allectivis
956 4357 1239 4443 indulgenciamm
1262 4366 1347 4437 suas

92 4463 282 4526 muneribus
297 4462 487 4544 propensius
503 4459 692 4522 excitamus.
1012 4543 1014 4547 7
1258 4424 1377 4530 {iim
