3074 5032
246 355 419 406 nxsnscrs
434 352 541 405 'sucu
567 353 664 405 roas
689 353 903 418 ssalsrnss3
930 352 1151 405 vrouvlms.
1397 332 1443 405 11

117 525 266 606 quaedam
287 544 360 606 quae
374 523 558 584 audivimus
574 543 640 584 non
656 526 706 584 est
720 522 789 599 diu,
804 522 894 583 vobis
910 522 1101 585 mandamus
1117 521 1270 601 quatinus

118 641 216 702 super
241 620 416 703 praemissis
439 640 510 681 eam
533 640 631 700 quam
646 620 800 681 noveritis
823 620 916 680 nobis
931 617 1113 680 rescribatis
1128 616 1270 678 dilucide

79 732 83 742 ¹
118 718 301 778 veritatem.
344 716 421 777 Dat.
436 716 522 798 apud
536 715 681 798 Wylton,
698 736 717 774 v
733 716 782 778 Id.
799 715 928 794 Marcii,
944 713 1151 796 pontificatus
1167 712 1271 773 nostri
1329 783 1333 789 ι

118 833 204 873 anno
219 814 334 894 primo.

187 974 252 1037 Suo
276 1019 284 1036 .
309 1020 316 1036 .
340 974 462 1036 decano
479 973 731 1037 Christianitatis
747 972 1023 1055 apposuissem
1040 1017 1048 1035 .
1066 1018 1074 1033 .
1092 970 1123 1050 .,¹
1141 976 1175 1033 et
1184 971 1268 1034 bona
1292 994 1344 1028 nn.

119 1072 286 1133 Edmundi
301 1072 342 1132 de
357 1071 539 1132 Mandeuill
554 1072 589 1133 in
601 1071 773 1153 praebenda
788 1071 828 1132 de
846 1069 1030 1153 Staynvveg’
1040 1070 1184 1145 inventa,
1195 1089 1266 1151 quae
1291 1044 1402 1148 {fligi

117 1167 251 1229 fuerant
273 1168 437 1248 quondam
456 1167 603 1249 ejusdem
618 1169 655 1230 E.
679 1172 759 1229 tunc
781 1168 926 1228 canonici
950 1165 1074 1248 Rypon’
1089 1167 1209 1248 pariter
1232 1170 1267 1227 et
1291 1186 1417 1231 Prosonu

116 1265 205 1325 idem
232 1261 313 1349 (sic)
337 1264 435 1324 libras
462 1266 590 1346 argenti
614 1265 649 1325 in
675 1284 792 1325 manus
816 1263 928 1326 ballivi
948 1263 1049 1323 nostri
1072 1262 1112 1322 de
1139 1261 1267 1343 Rypon'
1291 1245 1443 1349 fegfffflfw'

115 1362 343 1437 consistentes,
369 1380 436 1421 non
461 1361 529 1420 sine
556 1365 644 1421 certa
668 1380 762 1421 causa
789 1364 953 1440 sequestro
974 1358 1125 1419 duximus
1149 1357 1266 1437 subpo·
1291 1363 1442 1423 quatranan.

115 1457 233 1518 nenda.
265 1456 419 1529 Quocirca
434 1455 496 1517 tibi
512 1456 702 1517 mandamus
719 1456 874 1536 quatinus
883 1455 968 1516 bona
982 1452 1182 1535 hujusmodi,
1192 1475 1266 1514 cum

115 1553 254 1632 pecunia
278 1554 471 1634 supradicta,
488 1559 668 1632 sequestres
691 1553 762 1612 vice
784 1557 904 1627 nostra,
921 1554 954 1611 et
977 1551 1090 1611 eadem
1115 1550 1174 1611 sub
1197 1554 1266 1610 arto

114 1647 214 1708 facias
242 1654 408 1728 sequestro
435 1649 602 1724 custodiri,
627 1649 728 1710 donec
751 1648 878 1708 aliuda
901 1647 994 1708 nobis
1021 1648 1056 1707 in
1077 1647 1267 1706 mandatum

115 1745 274 1824 receperis
302 1764 398 1824 super
421 1744 503 1804 istis
549 1743 624 1804 Dat.
647 1745 734 1824 apud
764 1744 901 1820 Burton,
924 1742 984 1824 xij⁰
1012 1742 1109 1803 Kaln.
1137 1741 1267 1822 Aprilis,

117 1839 327 1920 pontificatus
343 1841 447 1900 nostri
462 1859 546 1900 anno
561 1840 676 1920 primo·

184 1999 350 2061 Universis
381 1999 501 2062 Christi
531 2000 681 2062 fidelibus
711 2005 886 2082 praesentes
916 2001 1028 2063 literas
1059 2001 1264 2082 inspecturis,
1289 2030 1340 2063 an.

116 2093 344 2182 W(illelmus),
360 2098 490 2177 primas,
507 2102 569 2158 etc.
587 2096 725 2158 salutem
746 2098 781 2157 in
796 2098 935 2158 Auctore
955 2098 1079 2158 salutis.
1125 2096 1264 2158 Univer-
1289 2078 1401 2182 iffi?

117 2193 207 2252 sitati
223 2198 337 2254 vestrae
352 2198 465 2254 tenore
481 2195 693 2274 praesentium
708 2194 903 2271 innotescat,
919 2192 1004 2274 quod
1020 2214 1093 2254 cum
1109 2192 1141 2256 J.
1157 2193 1263 2254 dictus
1289 2219 1339 2263 Pro
1351 2220 1377 2265 J,

114 2286 235 2364 Pacok,
250 2288 398 2365 clericus,
415 2309 510 2371 super
533 2289 655 2350 furium
678 2290 866 2370 recepcione
890 2295 924 2350 et
946 2289 1152 2350 latrocinium
1168 2289 1264 2350 diffa-
1288 2277 1383 2326 Μ’·

113 2388 223 2444 matus
254 2404 287 2444 se
317 2386 468 2468 congruis
497 2385 567 2446 loco
597 2390 632 2447 et
661 2389 807 2466 tempore
838 2386 878 2447 de
909 2385 1098 2467 hujusmodi
1128 2386 1263 2449 erimine

113 2479 266 2541 canonice
289 2482 475 2562 purgaverit
501 2502 607 2543 coram
629 2481 733 2558 nobis,
756 2501 825 2558 nos,
844 2479 928 2563 juris
951 2481 1063 2542 ordine
1086 2480 1263 2559 observate,

114 2575 254 2644 eundem
270 2577 309 2636 ad
324 2575 443 2637 famam
461 2578 633 2658 pristinam
658 2576 901 2638 sentencialiter
915 2577 1139 2653 restituentes,
1154 2577 1263 2657 ipsum

112 2692 132 2732 a
171 2691 205 2731 se
236 2671 399 2753 impositis
429 2673 463 2732 in
493 2671 553 2734 hac
583 2679 674 2754 parte
705 2674 913 2734 innocentem
943 2673 1195 2754 pronunciamus
1226 2676 1261 2734 et

112 2766 297 2827 immunem
326 2788 384 2849 per
414 2774 599 2849 praesentes.
645 2769 721 2833 Dat.
751 2773 791 2830 ut
822 2790 927 2850 supra.
974 2766 1036 2855 (xij
1062 2769 1159 2832 Kaln.
1183 2770 1262 2851 Apr.

112 2883 199 2925 anno
218 2860 302 2948 1⁰.)²

179 3032 429 3094 Memorandum
447 3034 533 3115 quod
558 3033 618 3117 vijo
634 3034 708 3097 Kal.
724 3035 876 3116 Augusti,
892 3055 975 3096 anno
993 3036 1126 3097 Domini
1146 3036 1199 3097 Μο
1212 3045 1261 3098 cc⁰
1286 3038 1343 3144 ἓξ)
1349 3099 1416 3150 1280·

109 3129 321 3210 octogesima
337 3130 424 3210 apud
440 3129 629 3208 Northwell,
646 3131 809 3192 emanavit
824 3132 920 3193 litera
935 3133 976 3193 ad
992 3133 1260 3213 sequestrandum
1286 3157 1345 3216 cury
1357 3158 1393 3203 25.

108 3224 196 3285 bona
205 3224 369 3286 Edmundi
379 3225 419 3286 de
431 3226 634 3288 Maundevill
646 3228 778 3287 inventa
787 3228 822 3288 in
834 3227 1007 3308 praebenda
1018 3229 1058 3288 de
1072 3227 1260 3310 Staneweg’,
1287 3240 1386 3311 aeques

109 3341 209 3402 quam
226 3341 330 3402 nuper
345 3322 531 3402 optinuerat
544 3324 580 3382 in
601 3323 734 3384 ecclesia
756 3323 895 3405 Rypon’,
917 3343 975 3405 pro
991 3323 1117 3384 decima
1137 3322 1261 3384 domini
1286 3303 1384 3352 ¹⁵¹m⁰¹¹⁸

109 3437 203 3498 papae
224 3436 288 3477 non
305 3416 420 3495 soluta,
435 3439 491 3500 pro
506 3421 708 3500 reparacione
723 3408 899 3481 domorum
908 3419 1055 3502 ejusdem
1071 3421 1262 3502 praebendae‚

112 3532 242 3574 necnon
257 3517 292 3574 et
308 3533 365 3594 pro
382 3514 543 3601 stipendio
560 3516 609 3576 sui
625 3516 745 3578 vicarii.

121 3727 352 3782 CAPITULUM
376 3717 513 3783 RYPON'
538 3728 598 3810 (ET
622 3729 808 3800 OTTELEY)
835 3730 887 3784 DE
923 3730 1098 3786 SECUNDO
1122 3733 1250 3789 ΑΝΝΟ.3
1287 3756 1329 3817 (6)

1286 3851 1337 3886 An.
1349 3841 1418 3891 1280.

1286 3898 1349 3958 Sept.
1360 3901 1397 3946 21.

176 3849 400 3927 Serenissimo,
424 3857 486 3913 etc.
509 3852 705 3931 Willelmus,
728 3854 858 3935 primas,
881 3859 942 3916 etc.
989 3853 1071 3917 Cum
1094 3854 1260 3919 Johannes

107 3945 215 4008 dictus
231 3945 349 4024 Pakac,
364 3947 509 4025 clericus,
525 3969 629 4031 nuper
644 3971 750 4011 coram
765 3951 787 4012 J
788 3952 960 4016 usticiariis
976 3953 1090 4013 vestris
1106 3952 1261 4012 itineran-

106 4043 193 4105 tibus
217 4044 254 4108 in
277 4044 434 4108 comitatu
457 4045 517 4105 tali
541 4066 636 4126 super
666 4045 789 4107 furium
818 4049 1006 4130 recepcione
1033 4053 1069 4109 et
1097 4046 1260 4111 latrocinii

107 4138 295 4200 diffamatus
311 4139 420 4200 minus
431 4138 532 4222 juste,
548 4144 698 4223 congruis
713 4143 783 4204 loco
798 4148 833 4206 et
853 4149 999 4225 tempore
1016 4144 1056 4204 de
1072 4141 1260 4223 hujusmodi

160 4249 203 4319 (l)
224 4248 385 4319 Something
398 4248 512 4302 omitted
524 4249 587 4303 here
600 4249 630 4303 in
643 4251 689 4305 ths
702 4252 836 4322 Register,
848 4252 899 4307 but
911 4271 945 4306 no
958 4253 1041 4306 break
1052 4252 1081 4306 in
1093 4253 1152 4306 MS.

160 4330 202 4398 (2)
224 4325 352 4380 Another
364 4344 432 4399 copy
445 4327 476 4382 of
485 4329 532 4382 the
544 4328 628 4384 above
640 4330 739 4384 antriss
752 4331 869 4402 relating
880 4337 910 4385 1ο
922 4331 1062 4404 Riponfor·
1073 4333 1120 4386 the
1132 4331 1192 4387 first
1205 4332 1259 4388 and

111 4408 206 4461 second
217 4423 285 4478 year
296 4405 321 4458 is
333 4408 441 4461 entered
455 4413 483 4461 at
496 4409 530 4461 62
543 4427 568 4463 v.
582 4410 635 4464 and
647 4411 693 4467 63.

159 4486 201 4554 (3)
222 4483 270 4539 No
282 4483 381 4541 cntries
393 4484 435 4541 for
448 4485 538 4557 Otlsy.
