3074 5032
225 345 398 397 EXTRAOTS
424 342 522 398 FROM
548 345 644 397 YORK
670 309 884 408 REGISTERS;
924 343 1135 397 consumes.
1384 323 1430 399 47

105 537 165 601 per
179 516 288 578 visum
302 513 461 576 bonorum
475 512 646 576 hominum
661 514 741 575 dicti
757 511 904 576 defectus
920 513 1117 576 sufficienter
1131 509 1255 572 fuerint

106 612 284 688 emendati,
300 616 339 672 ut
363 612 479 672 saltem
506 613 594 674 dicto
619 611 818 694 procuratori
843 611 895 672 vel
922 611 1052 673 domino
1078 630 1134 670 suo
1162 608 1256 669 satis-

108 712 235 774 factum
251 707 355 769 fuerit
370 708 410 769 de
426 708 560 787 eisdem,
576 729 656 789 quos
673 709 699 769 si
715 708 820 769 dictus
835 713 1020 788 procurator
1035 705 1184 783 voluerit,
1199 724 1256 786 per

107 828 163 868 vos
179 805 281 868 taxari
304 803 464 880 volumus
479 805 675 866 denunciato
701 805 790 885 prius
817 805 1042 866 executoribus
1065 801 1256 867 testamenti

110 902 192 964 dicti
221 899 369 962 defuncti
407 899 493 982 quod
530 898 718 982 hujusmodi
746 900 907 961 taxacioni
937 899 1102 976 intersint,
1133 899 1160 959 si
1195 897 1256 959 sibi

107 997 253 1060 viderint
277 996 435 1077 expedire.
481 997 607 1057 Valete.
657 995 731 1056 Dat.
759 994 846 1076 apud
873 994 1069 1058 Munketon'
1099 1015 1118 1056 v
1150 993 1255 1057 Kal'n.

107 1093 283 1156 Novembr.
299 1097 389 1174 pont.
405 1092 508 1154 nostri
523 1113 608 1154 anno
624 1097 747 1174 quarto.

174 1247 342 1310 Universis
367 1245 487 1308 Christi
513 1245 663 1307 fidelibus
688 1245 730 1306 ad
754 1267 832 1327 quos
857 1249 1031 1326 praesentes
1055 1234 1157 1307 literae
1181 1265 1255 1327 per·
1282 1251 1371 1312 (sav.)

108 1345 262 1406 venerint
291 1340 472 1426 T(bomas),
499 1342 560 1403 Dei
591 1342 699 1424 gracia
720 1348 787 1411 etc.
820 1342 958 1402 salutem
988 1343 1023 1402 in
1052 1342 1254 1423 amplexibus
1280 1324 1332 1418 30¹}
1343 1312 1409 1417 1103

108 1436 294 1504 Salvatoris.
332 1437 496 1499 Noveritis
512 1439 688 1519 quodcum
704 1437 896 1499 Edmundus
915 1438 954 1499 de
966 1438 1104 1519 Wateby
1119 1438 1254 1498 clericus
1281 1453 1363 1525 nitere
1373 1460 1416 1526 ‘5⁸‘

104 1541 226 1596 nostrae
242 1535 335 1595 diosc.
353 1538 449 1615 super
464 1533 545 1594 furti
563 1535 698 1595 crimine
714 1539 748 1595 et
762 1534 911 1616 burgaria
926 1535 960 1593 in
976 1534 1115 1614 quodam
1130 1533 1255 1595 molen·
1279 1514 1404 1631 mm

106 1632 186 1693 dino
200 1629 334 1691 fullonis
352 1629 447 1711 juxta
462 1627 668 1691 Richemund
691 1631 725 1689 in
747 1629 815 1691 foro
839 1629 982 1690 saeculari
1005 1649 1110 1689 coram
1131 1629 1255 1690 domini
1276 1632 1417 1734 wasegga

106 1727 213 1788 nostri
239 1726 338 1808 Regis
360 1725 554 1807 justiciariis
578 1726 736 1803 irretitus
760 1730 794 1786 et
820 1745 878 1807 per
901 1726 1030 1786 eosdem
1056 1724 1254 1805 justiciarios
1281 1749 1308 1793 a
1322 1706 1425 1808 iiiiieiy,

105 1822 202 1883 nobis
222 1821 318 1903 juxta
340 1821 486 1882 clericale
501 1822 711 1904 privilegium
733 1821 902 1898 liberatus,
919 1841 951 1882 se
974 1840 1081 1881 coram
1106 1820 1198 1881 nobis
1220 1823 1254 1881 in
1377 1852 1378 1855 ¹

108 1918 244 1979 ecclesia
273 1922 385 1979 nostra
414 1916 539 2000 Rypon'
563 1919 616 1979 die
647 1918 782 1980 Veneris
813 1918 849 1978 in
879 1917 1020 1978 crastino
1050 1917 1255 1977 Ascensionis

108 2013 298 2091 Dominicae,
313 2013 467 2075 videlicet
482 2012 533 2096 xvj
551 2013 647 2076 kal’n.
664 2015 768 2091 lunii,
784 2015 878 2075 Anno
892 2014 1009 2096 graciae
1025 2013 1255 2090 M⁰ccc⁰tercio,

106 2112 142 2172 in
158 2109 227 2172 foro
243 2109 457 2172 ecclesiastico
479 2111 631 2172 canonice
655 2131 752 2192 super
774 2110 909 2171 crimine
925 2109 1112 2192 purgaverit
1133 2129 1256 2170 memo·

106 2213 199 2281 rat03
229 2207 296 2267 Nos
323 2207 430 2286 ipsum
460 2205 501 2267 ad
530 2205 651 2267 famam
680 2207 852 2289 pristinam
878 2206 1093 2284 restituimus
1119 2208 1163 2284 et,
1189 2224 1256 2266 non

107 2303 257 2364 obstante
287 2301 510 2363 diffamacione
547 2302 711 2388 praedicta,
742 2321 811 2363 esse
841 2302 1126 2383 pronunciavimus
1164 2300 1255 2362 bonae

107 2397 214 2476 famae,
230 2417 266 2458 ac
291 2399 394 2459 eciam
419 2399 568 2478 quietum
591 2419 610 2459 a
632 2399 719 2459 dicto
741 2398 877 2459 crimine
900 2402 935 2458 et
957 2398 1149 2458 immunem.
1195 2395 1256 2459 Cui

108 2493 166 2555 has
182 2498 306 2555 nostras
327 2493 438 2554 literas
460 2494 675 2555 concessimus
697 2493 733 2554 in
755 2494 983 2554 testimonium
1005 2495 1254 2575 praemissorum.

108 2591 184 2653 Dat.
201 2591 288 2671 apud
311 2589 514 2668 Munketon’,
533 2611 554 2651 v
576 2589 681 2653 Kal’n.
705 2590 879 2653 Novembr.
896 2591 991 2651 Anno
1012 2590 1129 2672 gracias
1145 2609 1255 2670 supra-

109 2687 197 2749 dicto
213 2684 344 2771 (1303),
360 2692 394 2748 61
409 2686 616 2767 pontificatus
631 2687 732 2749 nostri
748 2691 873 2768 quarto·

176 2844 325 2924 Thomas
341 2847 402 2908 Dei
424 2847 542 2930 gracia,
559 2850 621 2908 etc.
644 2847 773 2909 dilectis
796 2846 831 2908 in
847 2844 975 2908 Christo
990 2845 1077 2922 filiis,
1101 2891 1109 2908 .
1135 2890 1143 2908 .
1167 2845 1254 2927 capi·
1280 2856 1367 2917 (720.)

108 2942 179 3004 tulo
191 2947 299 3003 nostro
309 2941 425 3023 Ripon’
435 2943 584 3020 salutem,
593 2944 747 3025 graciam,
758 2947 792 3005 et
802 2943 1075 3005 benediccionem.
1109 2941 1254 3023 Recepta
1278 2917 1407 3023 (pappos

109 3039 282 3100 securitate
305 3057 324 3097 a
346 3039 477 3099 domino
493 3040 636 3101 Henrico
653 3038 804 3101 Saraceni
819 3040 860 3101 de
877 3039 975 3115 Urbe,
992 3039 1043 3099 vel
1059 3057 1253 3120 quocunque
1278 3057 1406 3104 neuma

108 3133 172 3194 alio
195 3138 402 3215 procuratore
418 3132 576 3197 Johannis
599 3135 720 3197 Brante
745 3134 905 3211 Saraceni,
921 3133 1066 3195 canonici
1088 3132 1203 3214 Ripon'
1218 3136 1253 3193 61
1272 3119 1424 3235 jjffiffle’}

108 3228 323 3312 praebendarii
345 3229 385 3291 de
408 3229 524 3312 Thorp'
545 3232 580 3292 in
603 3232 728 3310 eadem,
743 3231 904 3314 legitimo,
919 3249 977 3310 pro
1000 3249 1063 3310 qua
1085 3228 1253 3290 volueritis
1276 3236 1424 3293 proventibus

107 3323 312 3406 respondere,
342 3325 384 3386 de
423 3326 647 3389 satisfaciendo
683 3328 839 3410 magistro
875 3323 1007 3386 Thomas
1036 3324 1077 3385 de
1107 3321 1253 3400 Malton',
1275 3293 1408 3411 {23⁶2ssss

108 3420 237 3497 clerico,
257 3420 309 3482 vel
332 3419 474 3483 Johanni
496 3423 536 3484 de
559 3422 693 3486 Norton'
714 3427 920 3506 procuratore
944 3441 1001 3482 suo
1023 3419 1095 3507 ejus
1112 3419 1254 3497 nomine,
1278 3410 1405 3515 {piscarias

108 3537 167 3598 pro
188 3517 357 3598 arreragiis
379 3518 488 3579 terciae
512 3520 612 3600 partis
637 3520 732 3582 dictae
755 3518 935 3600 praebendae
965 3517 1185 3598 provenientis
1214 3515 1254 3577 (16
1309 3485 1342 3530 ¹⁹⁰
1367 3501 1375 3537 ²

109 3613 205 3673 Anno
228 3611 361 3673 Domini
382 3613 654 3691 M⁰ccc⁰secund0,
681 3634 808 3677 necnon
830 3634 889 3695 pro
919 3614 1021 3675 tercia
1050 3618 1142 3695 parte
1173 3632 1255 3696 prae-

110 3708 206 3769 dictae
236 3707 416 3788 praebendae
447 3709 487 3769 de
511 3709 606 3772 Anno
632 3711 765 3773 Domini
794 3710 1016 3771 M⁰ccc⁰tercio
1045 3709 1255 3790 proveniente

108 3805 208 3866 certis
230 3804 380 3865 terminis
402 3805 462 3866 sub
477 3811 585 3868 vestro
600 3808 744 3889 periculo
760 3828 839 3890 quos
854 3806 1012 3868 duxeritis
1036 3806 1255 3888 assignandos,

110 3904 316 3983 sequestrum
345 3901 540 3963 auctoritate
570 3908 681 3965 nostra
709 3905 745 3964 in
774 3901 935 3964 fructibus
973 3907 1008 3964 et
1044 3900 1256 3982 proventibus

108 3996 206 4058 dictae
226 3995 407 4077 praebendae
430 3997 661 4079 interpositum
688 3999 851 4061 relaxetis.
897 3998 1023 4060 Valete.
1068 3995 1144 4057 Dat.
1170 3995 1256 4077 apud

110 4091 318 4170 Munketon',
333 4091 383 4174 iiij
402 4092 508 4155 Kal’n.
524 4094 697 4158 Novembr.
712 4101 805 4177 pont.
820 4095 924 4158 nostri
939 4113 1025 4155 anno
1040 4096 1166 4175 quarto

175 4255 426 4318 Memorandum
460 4257 545 4338 quod
578 4256 656 4340 xviij
685 4257 791 4320 Kal'n.
817 4256 989 4319 Decembr.
1019 4256 1115 4317 Anno
1140 4255 1256 4338 gracias
1283 4263 1339 4325 (⁷8)

111 4350 288 4413 Millesimo
314 4358 379 4412 666ο
403 4353 514 4429 161616,
544 4353 631 4436 apud
661 4353 785 4432 Cavod‚
808 4353 972 4415 emanavit
994 4351 1141 4433 quaedam
1164 4351 1258 4415 litera
1280 4323 1402 4431 11111118
1403 4353 1410 4370 ’

113 4491 121 4507 .
145 4491 154 4509 .
176 4443 320 4528 capitulo
342 4446 477 4529 Rypon’‚
493 4448 535 4510 ad
556 4445 766 4512 relaxandum
790 4452 993 4531 sequestrum
1016 4448 1257 4529 interpositum,
