3074 5032
171 363 347 416 axrmcrs
373 363 471 416 raon
484 365 592 416 roan
617 363 830 428 ancrsruas3
857 355 1083 414 carausium
1110 339 1192 437 (u).
1383 325 1430 411 75

107 533 221 595 literas
243 530 390 614 ejusdem
405 532 550 594 officialis
572 533 675 594 nostri
698 532 791 595 nobis
815 551 911 613 super
931 528 996 591 hiis
1020 529 1158 591 directas
1181 546 1256 588 con-

108 628 198 689 stitit
220 627 400 704 evidenter,
415 627 451 688 in
478 648 542 709 qua
560 630 668 689 animo
692 628 844 710 indurato
867 624 973 688 adhuc
995 625 1168 707 persistere
1190 642 1255 684 non

106 721 271 799 formidat,
287 742 323 783 ac
338 722 403 784 illis
420 724 487 783 sint
501 728 676 805 proventus
687 722 897 785 ecclesiastici
906 721 1024 783 merito
1034 717 1256 795 subtrahendi,

106 818 225 899 quibus
241 817 384 878 ecclesiae
407 818 592 880 communio
615 819 795 901 denegatur
814 817 910 898 juxta
925 817 1078 878 canonica
1103 815 1265 875 instituta·

104 957 151 1070 .A.
179 911 228 976 We
246 909 349 1070 pedor
372 909 443 975 1161
466 909 517 974 tbc
537 911 686 996 pretend
713 911 747 976 be
770 909 999 995 sequmtrctcd.
1044 908 1183 995 (Cawod.
1206 909 1255 970 Id.

133 1028 183 1090 pr.
197 1015 230 1070 a⁰
267 1011 290 1071 ⁰.
1074 1025 1076 1031 ¹

175 1151 361 1216 ordinacio
372 1159 548 1237 perpetum
563 1151 726 1215 cantoriae
740 1150 782 1214 c'u
797 1149 927 1235 capello
942 1149 1043 1234 tusco
1057 1145 1256 1212 manerium
1281 1150 1410 1255 fflvlgl,

107 1246 245 1311 domiai
260 1246 517 1333 Arcbicpc'acopi
531 1248 665 1332 Rypoa’
680 1248 894 1311 constructo.l
1280 1267 1333 1315 oc.
1345 1269 1380 1314 15.

175 1343 251 1429 (See
265 1344 377 1423 above,
393 1345 455 1407 vol.
471 1346 493 1407 i.
510 1365 542 1426 p.
561 1343 622 1406 157
626 1342 652 1429 )

174 1480 422 1542 Memorandum
452 1480 538 1562 quod
563 1479 616 1542 die
640 1479 757 1541 Martis
779 1499 867 1561 prox.
897 1483 971 1561 post
996 1477 1118 1539 festum
1143 1476 1255 1584 Sancti
1280 1470 1409 1576 §¹3th

107 1577 204 1638 Lucae
229 1575 457 1658 Evangelistae,
479 1576 566 1657 apud
591 1574 726 1657 Rypon',
742 1594 826 1636 anno
851 1574 966 1656 graciae
988 1574 1138 1635 M⁰ccc¹⁰⁰
1159 1573 1254 1653 xii1J0,
1280 1589 1382 1635 Oeaaa.

107 1671 248 1733 contulit
276 1672 433 1754 magistro
455 1671 621 1732 Willelmo
652 1670 840 1752 Sweyneby,
864 1669 1052 1751 presbitero,
1078 1669 1255 1730 cantariam
1283 1669 1380 1716 colam

338 1768 345 1780 .
556 1767 562 1780 .
1280 1730 1392 1774 cantaria

108 1767 239 1848 capellae
255 1787 321 1828 suae
335 1766 420 1827 infra
442 1786 623 1828 manenum
640 1786 735 1827 suum
750 1765 791 1826 de
814 1763 940 1845 Rypon’
955 1767 1160 1840 constructae,
1175 1766 1215 1823 ut
1236 1782 1255 1822 a
1278 1792 1394 1847 perpetu„

107 1860 192 1923 festo
208 1861 319 1924 Sancti
334 1862 471 1923 Martini
482 1866 601 1923 extunc
615 1881 705 1943 prox.
716 1859 867 1942 sequenti
881 1864 1037 1942 agnoscat
1050 1879 1132 1920 onus
1148 1858 1255 1919 eidem
1281 1845 1431 1950 mm*

109 1958 261 2019 cantariae
275 1956 480 2034 incumbens,
497 1961 558 2018 etc.
1280 1962 1418 2022 661116οηὶ

97 2092 100 2097 ’
173 2093 368 2172 Willelmus,
384 2093 593 2176 permissione
608 2092 727 2154 Divina
738 2091 833 2155 Ebor’
844 2090 1112 2174 archiepiscopus,
1128 2090 1254 2174 Angliae
1280 2087 1338 2192 2¹3)
1344 2146 1409 2194 1314.

108 2188 241 2270 primas,
278 2189 397 2251 dilecto
433 2189 501 2250 filio
536 2234 576 2251 ..
611 2190 768 2272 magistro
797 2188 963 2249 Willelmo
993 2188 1033 2249 de
1066 2185 1253 2269 Swayneby,
1279 2205 1341 2252 rvov.
1353 2207 1390 2253 11.

108 2285 252 2364 diacone,
265 2284 404 2346 salutem
418 2285 454 2346 in
469 2285 617 2346 omnium
633 2283 809 2347 salvatore.
854 2283 1051 2364 Perpetuam
1066 2282 1253 2361 cantariam,
1279 2287 1392 2393 2515er

1246 2375 1254 2405 2

108 2400 206 2461 quarn
221 2380 256 2440 in
272 2379 394 2461 capella
408 2384 519 2441 nostra
540 2379 624 2441 nova
649 2377 733 2440 infra
755 2378 937 2439 manerium
959 2382 1107 2440 nostrum
1129 2377 1245 2458 Rypon
1281 2407 1305 2451 5,
1317 2405 1404 2464 ,maa

108 2479 303 2551 constructa,
327 2475 366 2535 de
390 2494 548 2536 consensu
573 2475 677 2536 nostri
701 2472 837 2554 capituli
859 2472 963 2551 Ebor',
988 2478 1023 2535 et
1051 2472 1254 2534 concessione
1279 2479 1378 2582 Ἐῖζζξ

108 2571 200 2654 regia
224 2571 344 2651 pariter
359 2569 542 2647 accedente,
558 2571 593 2631 in
616 2568 738 2630 honore
762 2568 872 2630 Sancti
897 2568 1041 2630 Wilfridi
1065 2567 1255 2629 confessoris
1373 2555 1380 2568 ’

108 2665 267 2727 duximus
290 2665 510 2743 ordinandam,
536 2664 598 2726 tibi
628 2663 824 2725 conferimus
855 2664 981 2726 intuitu
1004 2663 1158 2725 caritatis.
1204 2663 1256 2723 Ita

109 2761 262 2823 videlicet
287 2761 374 2842 quod
395 2761 431 2820 in
453 2760 540 2821 dicta
562 2758 686 2840 capella
715 2758 857 2821 celebres
881 2759 969 2820 omni
995 2759 1048 2821 die
1082 2761 1255 2840 postquam

164 2893 208 2964 (1)
226 2893 398 2964 Archbishop
411 2892 514 2946 Melton
525 2893 579 2946 had
591 2891 773 2946 considerable
785 2890 891 2945 trouble
902 2891 1021 2960 through
1032 2890 1114 2960 being
1126 2891 1211 2944 called
1220 2908 1255 2944 on

108 2977 139 3024 to
158 2989 213 3042 pay
232 2972 305 3025 100s.
317 2971 369 3024 due
389 2976 418 3024 to
440 2971 487 3023 the
506 2970 606 3024 Orown
626 2969 668 3023 for
687 2987 703 3024 a
723 2969 824 3024 licence
842 2976 872 3022 to
891 2969 987 3022 endow
1004 2968 1060 3022 this
1083 2970 1206 3041 chentry,
1226 2986 1256 3022 aa

108 3067 221 3122 appears
238 3050 309 3103 from
331 3050 395 3103 Rot.
417 3050 507 3103 Claus.
520 3066 590 3103 anno
612 3050 647 3102 12
666 3050 744 3102 Edw.
763 3051 789 3102 2.
801 3047 912 3102 membr.
935 3049 952 3100 2
975 3048 1047 3118 (MS.
1060 3047 1170 3101 Dodsvv.
1193 3046 1254 3113 117,

108 3128 145 3182 fo.
159 3130 213 3181 100
219 3129 268 3198 v.).
287 3129 344 3181 The
352 3128 492 3198 following
500 3127 523 3180 is
531 3127 601 3180 from
613 3128 661 3180 the
673 3126 787 3197 original
794 3127 845 3180 roll
854 3126 922 3195 (1.1).
935 3125 1035 3194 1319):
1055 3125 1255 3192 Archiept'rcopo

108 3207 190 3261 Ebor.
226 3208 288 3261 Rex
297 3207 407 3275 eisdem,
421 3206 474 3278 [ie.
486 3205 654 3259 thesaurario
664 3210 692 3259 et
703 3204 849 3258 baronibus
861 3202 916 3256 suis
923 3203 957 3255 de
969 3201 1254 3272 scaccario],salutem.

108 3285 274 3341 Monstravit
294 3286 372 3339 nobis
392 3284 553 3340 venerabilis
573 3290 650 3353 pater
671 3283 835 3350 Willelmus,
854 3281 1068 3352 archiepiscopus
1088 3281 1169 3334 Ebor.
1182 3280 1255 3350 quod

109 3380 173 3416 cum
185 3363 311 3434 magister
324 3363 479 3416 Willelmus
497 3363 531 3416 de
549 3361 692 3416 Grenefeld
710 3379 795 3433 nuper
816 3360 1032 3431 archiepiscopus
1048 3360 1142 3426 Ebot,
1154 3358 1256 3429 praede-

109 3457 196 3495 cessor
208 3442 315 3513 praefati
327 3441 528 3512 archiepiscopi,
540 3441 621 3495 finem
632 3440 738 3494 fecisset
755 3439 894 3493 nobiscum
911 3456 958 3510 per
970 3444 1078 3492 centum
1089 3437 1187 3491 solidos
1205 3454 1255 3508 pro

109 3518 222 3574 licencia
233 3521 315 3574 dandi
327 3521 453 3591 quaedam
470 3524 623 3572 tenementa
633 3519 664 3571 in
676 3519 785 3590 Ripton’
799 3518 861 3587 (sic)
875 3524 903 3571 et
915 3517 994 3571 Dalle
1004 3515 1086 3589 juxta
1098 3515 1254 3584 Thornton’,

107 3599 216 3652 cuidam
228 3599 367 3670 capellano
386 3597 477 3653 divina
498 3597 612 3666 singulis
631 3596 725 3650 diebus
743 3597 814 3650 infra
834 3596 982 3650 manerium
1003 3612 1082 3649 suum
1103 3595 1136 3648 de
1157 3593 1255 3665 Ripon’

109 3676 285 3743 celebraturo,
296 3694 353 3743 vos,
365 3677 429 3730 licet
447 3676 574 3745 magister
586 3676 703 3728 Thomas
724 3677 757 3729 de
775 3675 874 3728 Sancto
893 3674 1011 3741 Albano,
1024 3678 1149 3727 executor
1170 3679 1254 3726 testa-

110 3754 194 3808 menti
211 3755 320 3826 praefati
338 3753 539 3825 archiepiscopi,
552 3760 579 3807 et
597 3760 797 3808 coexecutores
814 3754 857 3807 sui
874 3752 1028 3806 testamenti
1045 3751 1168 3823 praedicti
1180 3751 1254 3804 suffi-

110 3832 209 3886 cienter
221 3833 337 3887 habeant
349 3834 382 3886 de
394 3832 470 3886 bonis
482 3849 542 3902 quae
554 3831 664 3885 fuerunt
681 3832 806 3903 praedicti
817 3831 941 3901 magistri
959 3830 1093 3885 Willelmi
1105 3831 1138 3883 de
1153 3830 1253 3883 Grene-

110 3911 165 3967 feld
177 3913 247 3966 unde
267 3911 344 3966 nobis
356 3912 390 3965 (16
409 3911 488 3965 (116116
504 3915 612 3964 centum
624 3910 717 3964 solidis
735 3910 889 3964 satisfacere
909 3911 1027 3977 valeant,
1039 3909 1142 3963 omissis
1160 3914 1253 3960 tamen

110 3990 230 4061 prefatis
242 3989 430 4044 executoribus
441 3988 503 4042 illos
515 4005 531 4042 a
542 3988 656 4059 praefato
670 3988 868 4059 archiepiscopo
877 4005 924 4059 per
936 3988 1172 4042 summonicionem
1184 3985 1252 4038 dicti

110 4069 235 4123 scaccarii
246 4067 327 4138 exigi,
340 4073 367 4121 61
386 4068 475 4138 ipsum
493 4083 523 4120 ea
541 4066 679 4120 occasione
697 4065 882 4137 multipliciter
903 4065 1046 4136 inquietari
1058 4062 1148 4117 facitis
1165 4062 1253 4116 minus

107 4144 187 4218 juste,
198 4147 227 4200 in
240 4147 323 4218 ipsius
331 4145 525 4216 archiepiscopi
537 4145 707 4216 dispendium
719 4162 772 4198 non
784 4143 919 4197 modicum
931 4149 959 4196 et
967 4158 1120 4213 gravamen.
1138 4141 1177 4193 Et
1189 4141 1252 4210 quia

110 4227 232 4279 nolumus
244 4225 315 4296 quod
328 4225 415 4278 eidem
429 4224 626 4294 archiepiscopo
639 4222 783 4294 injurietur
800 4222 831 4275 in
842 4223 893 4275 hac
905 4227 990 4292 parte,
1002 4217 1081 4272 vobis
1093 4219 1252 4274 mandamus

109 4306 187 4373 quod,
198 4303 300 4359 vocatis
312 4320 402 4356 coram
414 4301 492 4357 vobis
509 4301 544 4354 ad
556 4301 717 4355 scaccarium
728 4300 890 4372 praedictum
902 4295 1087 4353 executoribus
1106 4297 1251 4367 praedictis,

109 4379 177 4452 ipsos
198 4383 232 4436 de
243 4380 380 4452 praedictis
391 4385 500 4434 centum
512 4379 603 4433 solidis
622 4378 734 4444 onerari,
747 4385 774 4432 et
785 4378 930 4449 praefatum
948 4374 1177 4446 archiepiscopum
1189 4375 1251 4430 inde

110 4459 244 4517 exonerari
255 4457 370 4514 faciatis.
406 4459 485 4512 Teste
497 4463 622 4530 utsupra
636 4456 723 4530 [Rege
736 4457 808 4528 apud
821 4455 982 4524 Eboracum,
993 4452 1061 4526 xxiij
1076 4453 1120 4508 die
1132 4452 1232 4525 Junii].
