3074 5032
654 348 861 401 Mancellus
887 349 932 400 011
957 349 1077 402 RIPON.

283 536 357 577 rum
377 519 559 577 nostrorum
581 514 782 593 tractoribus,
798 537 855 578 seu
879 517 914 577 in
930 518 976 578 eis
991 517 1044 579 vel
1065 537 1176 579 eorum
1198 517 1306 599 aliquo
1322 522 1433 580 contra

284 612 486 673 voluntatem
501 616 644 673 nostram
659 612 742 673 feras
759 611 931 674 senseram
946 613 1161 693 capientibus,
1172 633 1209 674 ac
1225 615 1325 675 etiam
1341 634 1434 675 sanc-

284 706 467 768 timoniales
489 707 701 787 rapientibus,
716 707 767 768 vel
789 728 865 769 cum
885 709 932 769 eis
952 708 1123 770 carnaliter
1137 710 1433 788 commiscentibus

283 803 443 863 duntaxat
465 803 617 883 exceptis,
641 803 726 864 vices
755 808 879 865 nostras
899 805 1134 865 committimus
1162 825 1219 886 per
1246 811 1434 886 praesentes„

283 918 363 978 quas
378 898 440 959 tibi
455 897 523 960 fieri
538 898 674 960 fecimus
688 903 850 980 patentes,
862 919 920 980 per
934 918 1038 961 unum
1053 920 1176 961 annum
1191 921 1210 962 a
1225 901 1302 961 data
1317 921 1434 962 earun-

283 993 359 1054 dem
378 995 531 1056 continue
551 996 789 1056 numerandum
812 995 995 1056 duraturas.
1047 995 1122 1056 Dat.
1147 996 1235 1076 apud
1256 994 1383 1077 Thorp’,
1399 996 1431 1079 xj

284 1088 347 1151 K’l.
363 1090 488 1168 Marcii,
504 1091 545 1151 Αο
559 1095 599 1173 ge
614 1090 664 1150 M⁰
679 1096 767 1151 0001110
781 1090 885 1172 xxiij0,
902 1095 936 1151 et
949 1095 1041 1171 pont.
1056 1093 1158 1152 nostri
1172 1090 1241 1174 vij0.

108 1243 164 1302 (sa)
354 1225 550 1303 WillelmuS,
584 1230 658 1303 etc,
689 1225 864 1286 venerabili
894 1225 930 1286 in
955 1223 1081 1287 Christo
1110 1227 1196 1307 patri
1226 1226 1357 1287 domino
1386 1228 1408 1290 J
1410 1227 1430 1289 .¹

107 1301 238 1418 iiiii&
284 1319 347 1381 Dei
371 1321 478 1404 gracia
501 1321 730 1401 Wyntoniensi
753 1321 911 1402 episcopo,
928 1320 1078 1397 salutem,
1093 1325 1128 1381 et
1150 1320 1308 1383 sinceram
1322 1322 1356 1382 in
1374 1322 1431 1384 do-

111 1443 241 1488 namacio
284 1417 373 1477 mino
387 1416 567 1477 caritatem.
613 1415 694 1478 Cum
709 1416 860 1477 dominus
883 1408 1040 1477 Ricardus
1056 1416 1096 1477 de
1117 1415 1149 1477 la
1164 1416 1240 1493 Lee,
1255 1418 1429 1478 canonicus

108 1502 256 1606 &staffilo-
284 1511 425 1573 ecclesiae
455 1508 588 1594 (nostrae
617 1509 855 1595 anderdotted)
886 1510 1021 1593 Rypon’,
1057 1515 1175 1572 nostrae
1204 1511 1362 1588 dioecesis,
1392 1532 1430 1572 ac

102 1575 213 1678 111141110-
283 1606 521 1687 praebendarius
547 1607 726 1687 praebendae
750 1607 791 1668 de
819 1606 971 1688 Stodleye
1000 1606 1036 1666 in
1063 1606 1188 1683 eadem,
1212 1626 1249 1668 ac
1281 1606 1430 1668 dominus

104 1679 252 1795 fffflff„
283 1700 449 1764 Johannes
475 1702 506 1763 le
534 1701 652 1780 Smale,
667 1706 771 1764 rector
796 1702 937 1763 ecclesiae
963 1700 1004 1761 de
1035 1698 1299 1784 Bletehinglegh,
1315 1707 1430 1764 vestrae

107 1795 200 1897 efflet}
229 1859 238 1898 t
283 1799 440 1877 dioecesis,
456 1794 643 1879 hujusmodi
663 1818 721 1859 sua
735 1797 893 1859 beneficia
914 1797 1092 1864 intendant
1113 1797 1199 1857 inter
1222 1817 1256 1858 se
1278 1797 1313 1856 in
1328 1796 1430 1859 forma

107 1869 227 1971 afflet-⁶
279 1892 363 1975 juris
379 1914 418 1954 ex
433 1894 529 1954 certis
544 1893 648 1954 causis
664 1898 698 1954 et
712 1893 869 1975 legitimis
885 1896 1001 1953 mutuo
1015 1896 1212 1973 permutare,
1224 1892 1303 1960 dum
1318 1897 1430 1954 tamen

108 1970 174 2014 “¹²²⁶''
283 2009 430 2050 assensus
453 1992 488 2049 et
508 1990 683 2050 auctoritas
707 2008 818 2050 eorum
833 2007 971 2070 quorum
993 1988 1131 2048 interest
1155 1989 1370 2049 intervenerit
1393 1989 1429 2048 in

106 2043 134 2072 0st

107 2043 239 2144 11111110ᾱί
284 2082 344 2145 hac
366 2088 470 2164 parte,
490 2083 568 2159 Nos,
583 2084 787 2164 quorundam
812 2084 973 2145 instancia
998 2083 1159 2162 requisiti,
1182 2087 1295 2144 vestrae
1321 2087 1429 2164 pater-

107 2146 223 2250 ‘simi
283 2178 382 2240 nitati
411 2180 603 2256 reverendae,
619 2179 659 2240 de
686 2178 778 2261 cujus
804 2180 948 2260 puritate
971 2179 1178 2240 conscienciae
1199 2178 1330 2259 plenam
1346 2177 1429 2240 fidu-

282 2276 367 2336 ciam
378 2274 573 2352 obtinemus,
585 2274 627 2335 ad
642 2275 872 2354 inquirendum
884 2275 924 2336 de
937 2275 1040 2336 causis
1052 2273 1303 2354 permutacionis
1315 2271 1430 2356 hujus-

283 2369 371 2431 modi
388 2374 426 2431 ut
439 2371 651 2451 praemittitur
665 2370 832 2448 faciendae,
843 2370 1093 2432 examinandum
1109 2370 1211 2431 eciam
1227 2374 1262 2430 et
1277 2372 1429 2432 canonice

282 2467 518 2547 acceptandum
553 2467 694 2543 easdem,
721 2468 1062 2548 permutacionemque
1097 2462 1284 2547 hujusmodi
1307 2466 1428 2541 facien-

282 2561 361 2622 dum
383 2581 420 2622 ac
437 2566 597 2642 quatenus
621 2562 663 2623 ad
687 2582 745 2623 nos
769 2561 913 2643 pertinet
934 2561 1030 2645 juxta
1052 2562 1237 2623 sancciones
1260 2562 1428 2623 canonicas

281 2657 535 2739 approbandum,
557 2657 755 2739 praefatoque
782 2658 913 2720 domino
941 2655 1084 2719 Johanni
1114 2656 1145 2718 le
1172 2655 1280 2718 Smale
1306 2657 1427 2718 dictam

281 2752 488 2833 praebendam
511 2753 552 2814 de
576 2752 709 2834 Stodlay
724 2759 832 2815 nostro
854 2753 986 2814 nomine
1008 2750 1070 2813 hac
1092 2751 1161 2812 vice
1184 2749 1426 2828 conferendum,

282 2868 357 2909 cum
382 2850 448 2909 suis
469 2848 599 2929 juribus
625 2853 661 2910 et
686 2848 896 2929 pertinenciis
919 2847 1102 2923 universis3
1131 2848 1269 2927 receptis
1291 2867 1349 2927 per
1371 2867 1426 2908 vos

280 2943 432 3024 primitus
455 2944 615 3004 dictorum
637 2942 768 3005 Ricardi
795 2946 827 3004 et
851 2941 1009 3006 Johannis
1036 2941 1309 3025 resignacionibus
1332 2941 1426 3002 factis

281 3040 433 3100 canonice
463 3039 498 3099 in
524 3036 584 3100 hac
614 3043 717 3120 parte,
737 3044 898 3100 reservata
924 3039 1016 3099 nobis
1042 3041 1203 3120 potestate
1227 3036 1366 3098 faciendi
1389 3057 1426 3097 ac

280 3134 456 3196 mandandi
479 3134 604 3195 dictum
626 3131 810 3197 Johannem
839 3134 870 3195 le
896 3133 1004 3196 Smale
1030 3133 1142 3194 induci
1168 3131 1204 3192 in
1227 3131 1426 3212 corporalem

280 3231 513 3309 possessionem
537 3230 717 3310 praebendae
743 3230 784 3291 de
815 3228 949 3310 Stodlay
978 3228 1152 3310 praedictae,
1175 3228 1426 3308 canonicamque

280 3324 502 3386 obedienciam
517 3325 558 3386 ab
574 3326 687 3387 eodem
701 3324 879 3406 recipiendi
894 3328 929 3385 et
943 3324 1007 3385 alia
1023 3322 1210 3384 excercendi
1222 3323 1304 3384 circa
1319 3324 1426 3403 ipsum

279 3421 406 3480 racione
432 3419 612 3500 praebendae
637 3417 837 3501 hujusmodi,
852 3440 923 3500 quae
948 3419 990 3480 ad
1019 3439 1077 3480 nos
1102 3418 1238 3480 ulterius
1260 3419 1427 3498 pertinent

281 3514 322 3575 de
346 3514 580 3575 consuetudine
607 3519 642 3576 et
665 3515 705 3575 de
728 3513 814 3596 jure,
839 3516 924 3576 vices
954 3518 1079 3576 nostras
1104 3514 1338 3575 committimus
1368 3534 1426 3595 per

280 3613 465 3691 praesentes,
474 3614 625 3692 rogantes
640 3614 678 3670 ut
694 3609 734 3671 de
750 3630 901 3691 processu
915 3615 1022 3672 vestro
1037 3610 1071 3671 in
1084 3608 1144 3670 hac
1158 3613 1249 3690 parte
1265 3606 1425 3687 habende,

280 3725 339 3766 nos
354 3724 412 3785 per
426 3705 551 3765 dictum
565 3705 587 3767 J
588 3701 749 3766 ohannem
764 3706 816 3767 vel
832 3705 903 3789 ejus
917 3710 1154 3787 procuratorem
1168 3704 1277 3766 velitis
1291 3705 1424 3766 reddere

281 3801 433 3862 cerciores
454 3820 513 3881 per
529 3804 651 3862 vestras
674 3804 825 3880 patentes
849 3803 960 3864 literas
986 3799 1101 3862 harum
1126 3806 1160 3863 et
1183 3798 1329 3882 ejusdem
1352 3820 1426 3881 pro·
1482 3813 1486 3820 ·

280 3917 387 3959 cessus
414 3896 530 3958 seriem
549 3897 765 3959 continentes.
811 3897 851 3957 In
873 3897 1088 3977 prosperitate
1111 3895 1239 3956 diutina
1261 3898 1296 3956 et
1318 3897 1426 3957 votiva

280 3994 442 4074 adaugeat
456 3992 615 4053 Dominus
631 3991 699 4053 dies
714 3998 847 4056 vestras.
882 3992 957 4053 Dat.
973 3991 1061 4073 apud
1077 3989 1220 4066 Oawode,
1235 3990 1286 4052 Id.
1296 3991 1426 4071 Aprilis,

280 4090 376 4151 Anno
391 4088 507 4171 graciae
522 4088 572 4148 M⁰
587 4091 652 4149 000ο
666 4086 770 4170 xxiiij,
785 4092 820 4150 et
833 4092 924 4169 pont.
941 4087 1043 4149 nostri
1059 4086 1207 4168 septimo.

107 4249 164 4308 (418
176 4248 210 4306 υ.)
344 4232 538 4310 Willelmus,
555 4237 628 4311 etc,
645 4233 773 4295 dilectis
789 4232 864 4294 filiis
880 4232 1044 4316 magistris
1066 4232 1207 4294 Roberto
1228 4232 1269 4293 de
1290 4232 1428 4313 Rypon’,

105 4307 235 4424 3114841144
279 4329 431 4391 canonico
455 4329 595 4391 ecclesiae
621 4336 738 4391 nostrae
767 4328 925 4412 ejusdem,
949 4333 983 4389 et
1013 4326 1156 4391 Johanni
1179 4328 1220 4390 de
1244 4328 1426 4410 Kernetby,

438 4445 479 4514 (l)
497 4445 571 4498 John
584 4446 616 4498 de
629 4445 775 4513 Stratiord,
788 4446 880 4498 transl.
893 4450 923 4498 to
936 4445 1106 4514 Canterbury
1119 4459 1172 4497 an.
1188 4445 1265 4498 1333.
