3074 5032
9 350 13 369 ·
138 332 184 403 86
669 349 877 401 Mancinus
904 350 948 401 os
973 349 1093 401 111101.

138 527 259 632 (431103.Ξο
378 516 572 592 Willelmus,
590 521 651 579 etc.
690 516 815 578 Dilecto
830 517 897 579 filio
912 517 1053 579 Roberto
1068 517 1108 578 de
1119 516 1294 594 Sculcotes,
1305 519 1460 581 servienti
1520 491 1522 497 Ι

12 677 14 682 ,
138 646 203 704 Aug.
215 647 250 692 10,
312 618 422 674 nostro
437 611 572 694 Rypon',
588 612 738 689 salutem,
752 613 901 693 graciam,
918 617 952 673 et
965 612 1239 674 benediccionem.
1285 613 1460 686 (1111011111-

140 728 254 774 servienti
312 708 413 768 timus
425 707 580 769 dilectum
590 707 751 768 valectum
768 711 801 767 et
811 707 1086 790 consanguineum
1100 712 1249 769 nostrum
1258 707 1460 771 Willelmum

138 786 289 903 ssffigw
314 802 354 863 de
371 801 455 880 Cliff,
471 822 625 863 unacum
640 801 713 863 aliis
728 802 767 874 de
782 800 906 862 familia
922 807 1031 863 nostra
1054 807 1088 864 et
1103 802 1235 864 canibus
1258 805 1387 881 nostris,
1402 824 1460 885 pro

139 912 278 951 anulorum·
312 898 512 980 pinguedine
542 896 682 958 ferarum
711 897 752 958 ad
776 916 856 978 opus
880 903 1026 958 nostrum
1056 898 1209 979 capienda
1233 898 1367 976 ibidem,
1396 899 1459 962 tibi

314 994 504 1054 mandamus
529 993 682 1074 quatinus
713 991 812 1053 facias
835 1013 893 1073 per
921 993 1129 1074 praepositum
1159 997 1306 1054 nostrum
1336 993 1461 1076 Rypon'

315 1094 462 1170 sumptus
493 1088 615 1151 eisdem
648 1088 842 1149 necessarios
878 1088 1067 1164 ministrari,
1095 1087 1191 1170 juxta
1220 1089 1460 1151 ordinacionem

313 1184 459 1265 praedicti
474 1182 642 1260 Willelmi,
665 1203 723 1263 pro
746 1203 779 1243 se
802 1188 837 1243 et
861 1183 926 1244 suis
950 1183 1094 1260 0011111110,
1112 1181 1461 1261 0010,111011011111110,01

313 1279 385 1341 aliis
415 1278 601 1340 necessariis
629 1297 689 1358 pro
718 1278 890 1339 venacione
921 1281 955 1338 et
984 1278 1227 1340 conservacione
1250 1279 1459 1362 pinguedinis

313 1373 497 1449 antedictae,
507 1393 586 1454 quos
595 1373 701 1433 eidem
710 1372 879 1452 praeposito
888 1373 923 1433 in
936 1392 993 1433 suo
1002 1378 1149 1454 compoto
1158 1394 1216 1454 per
1224 1371 1460 1435 exhibicionem

313 1470 535 1550 praesencium,
566 1473 600 1530 et
629 1467 810 1528 indenturae
834 1466 915 1528 dicti
944 1467 1102 1529 Willelmi
1126 1469 1166 1529 de
1193 1469 1287 1530 dictis
1312 1471 1461 1550 expensis

315 1564 474 1646 sigillatae,
503 1561 659 1624 faciemus
689 1561 924 1623 racionabiliter
949 1562 1086 1624 allocari.
1131 1562 1221 1624 Vale.
1275 1563 1350 1626 Dat.
1374 1564 1461 1645 apud

315 1658 438 1735 Garrod,
451 1656 497 1739 iiij
515 1657 594 1719 Idus
609 1659 705 1739 Aug,
721 1656 928 1738 pontificatus
944 1657 1045 1718 nostri
1060 1677 1143 1719 anno
1158 1658 1267 1720 tercio.

380 1802 628 1863 Memorandum
644 1801 730 1882 quod
744 1801 895 1862 dominns
915 1800 1036 1861 Alanus
1058 1800 1143 1861 filius
1159 1801 1253 1888 Ydde
1269 1800 1309 1862 de
1325 1800 1461 1882 Rypon’,

160 1893 165 1903 ⁸
188 1892 206 1962 ’.
233 1950 238 1961 .
264 1890 270 1902 ’
316 1903 350 1960 01
365 1898 513 1980 Rogerus
528 1897 569 1958 de
584 1896 784 1978 Bondegate,
801 1899 987 1957 executores
1003 1897 1193 1957 testamenti
1207 1896 1330 1957 domini
1342 1896 1461 1979 Rogeri

165 2001 252 2069 anaia
316 1992 440 2074 vaayn,
449 2013 553 2073 nuper
561 1993 705 2052 canonici
717 1989 842 2072 Rypon’
853 1991 1005 2067 ecclesiae,
1015 1998 1049 2052 et
1064 1991 1274 2072 praebendarii
1289 1991 1460 2072 prebendae

141 2073 176 2103 ¹'
193 2075 208 2103 ²'
230 2074 258 2128 ⁰9
316 2089 357 2150 de
382 2088 613 2170 Staynvvygges
637 2088 671 2146 in
695 2086 818 2163 eadem,
842 2092 1075 2147 consenserunt
1104 2087 1256 2148 vicesimo
1287 2092 1376 2173 sexto
1406 2087 1461 2150 die

177 2177 285 2278 iol’aero
315 2185 437 2245 mensis
463 2182 672 2263 Septembris,
691 2202 776 2242 anno
799 2183 912 2263 graciae
936 2181 1109 2243 millesimo
1132 2181 1361 2244 trecentesimo
1376 2184 1462 2245 vice-

140 2294 274 2362 exacuam?
316 2279 407 2356 simo,
427 2277 606 2338 indiccione
629 2281 753 2357 quarta,
769 2276 855 2356 apud
877 2275 1057 2337 Monketon
1080 2297 1179 2359 prope
1205 2276 1339 2359 Rypon',
1355 2297 1461 2339 coram

150 2366 266 2453 αἴῃ-Μ
314 2374 489 2436 venerabili
512 2374 548 2434 in
575 2371 701 2435 Christo
724 2379 815 2454 patre
840 2378 874 2434 et
898 2373 1038 2450 dominc,
1065 2373 1194 2434 domino
1209 2373 1383 2450 Willelmo,
1399 2374 1461 2436 Dei

190 2468 224 2511 (η’
312 2471 420 2551 gracia
448 2468 543 2530 Ebor.
574 2465 830 2548 Archiepiscopo,
860 2467 986 2550 Angliae
1006 2469 1156 2548 primate,
1187 2468 1273 2549 quod
1292 2468 1357 2529 illae
1380 2489 1461 2550 qua-

139 2541 249 2652 „iffi-'b
313 2566 462 2647 draginta
491 2564 579 2625 librae
604 2563 830 2646 sterlingorum
855 2584 926 2643 quae
952 2563 1180 2643 superfuerunt
1203 2564 1243 2624 de
1265 2562 1358 2625 bonis
1381 2564 1461 2625 (11011

138 2643 186 2686 ’Μὶ
274 2643 288 2690 ’·
313 2661 436 2722 domini
461 2660 579 2741 Rogeri
607 2659 720 2740 Swayn
746 2660 781 2718 in
809 2657 942 2718 ecclesia
968 2658 1103 2739 Rypon’,
1124 2663 1159 2720 et
1184 2678 1255 2739 quae
1282 2677 1321 2719 ex
1343 2664 1461 2721 mutuo

314 2757 473 2818 dictorum
496 2760 702 2816 executorum
725 2774 781 2834 per
804 2755 889 2834 ipsos
915 2755 1010 2814 certis
1035 2755 1179 2834 personis
1205 2753 1330 2835 Rypon'
1343 2754 1460 2816 libera-

313 2853 433 2915 bantur
448 2851 489 2914 ad
505 2851 694 2912 solvendum
718 2851 821 2912 Scotis
836 2870 893 2931 pro
909 2851 1085 2912 salvacione
1100 2850 1185 2912 villae
1205 2850 1341 2933 Rypon‘,
1356 2871 1460 2933 nuper

313 2947 441 3029 quando
458 2946 545 3009 Scoti
560 2946 682 3007 ibidem
698 2949 800 3022 erant,
815 2965 879 3005 non
900 2946 1107 3027 exigerentur
1122 2946 1162 3007 de
1184 2950 1300 3008 caetero
1322 2947 1459 3008 acredi-

313 3043 436 3105 toribus
452 3044 541 3124 ipsiS,
557 3047 607 3104 set
621 3042 707 3124 qnod
722 3042 840 3103 cedant
853 3042 887 3101 in
903 3041 1162 3121 redempcionem
1178 3042 1320 3104 ecclesiae
1334 3042 1460 3123 Rypon'

313 3144 348 3200 et
374 3140 575 3219 captivorum
601 3135 865 3219 parochianorum
889 3135 1047 3218 ejusdem,
1077 3137 1124 3198 ita
1147 3137 1298 3199 videlicet
1323 3138 1408 3219 quod
1431 3139 1458 3198 si

313 3237 526 3314 imposterum
542 3236 668 3297 exaccio
690 3234 748 3295 fiat
770 3254 789 3294 a
811 3234 1046 3294 communitate
1071 3232 1196 3314 Rypon'
1211 3254 1307 3315 super
1331 3234 1459 3296 residuo

313 3329 399 3410 quod
418 3329 511 3389 dictis
536 3328 639 3390 Scotis
662 3349 700 3390 ea
723 3328 886 3390 occasione
908 3328 1102 3408 promissum
1123 3327 1240 3405 fuerat,
1256 3329 1459 3410 pauperiores

313 3426 408 3485 dictae
431 3423 516 3485 villae
543 3421 668 3503 Rypon’
683 3443 785 3504 usque
812 3423 852 3484 ad
875 3425 1094 3503 quantitatem
1116 3428 1216 3486 tantae
1237 3425 1383 3505 pecuniae
1405 3445 1458 3486 ex-

314 3522 497 3593 onerentur,
513 3522 547 3578 et
562 3517 627 3577 illa'e
647 3519 859 3600 quadraginta
878 3517 968 3580 librae
988 3519 1103 3580 cedant
1125 3520 1160 3579 in
1184 3519 1379 3581 solucionem
1401 3539 1459 3600 pro

314 3611 508 3693 pauperibus
520 3612 704 3687 antedictis,
713 3613 800 3692 quod
815 3611 984 3674 arbitrium
999 3619 1207 3675 executorum
1219 3615 1254 3675 in
1270 3615 1458 3696 erogacione

313 3708 466 3788 praedicta
480 3706 519 3767 de
534 3706 662 3767 residuo
676 3707 832 3768 bonorum
849 3708 928 3769 dicti
951 3707 1098 3770 defuncti
1120 3709 1160 3772 ob
1182 3711 1340 3790 pietatem
1362 3709 1458 3771 dictae

313 3798 614 3885 communitatis(?)
651 3801 759 3863 dietus
796 3803 946 3864 dominus
983 3802 1239 3886 archiepiscopus
1270 3805 1459 3885 approbavit

314 3920 473 3982 expresse,
488 3898 600 3961 volens
622 3899 707 3979 ipsos
734 3904 919 3961 executores
944 3899 1067 3962 absolvi
1090 3903 1222 3984 penitus
1245 3902 1286 3963 ab
1312 3902 1458 3965 ulteriori

314 3996 497 4057 reddicione
513 3993 653 4075 compoti
668 3993 708 4055 de
723 3994 862 4074 pecunia
876 4000 1061 4057 memorata.

140 4155 210 4213 (100)
380 4140 575 4217 Willelmus,
591 4143 666 4217 etc,
682 4139 801 4200 decano
815 4144 924 4200 nostro
941 4139 1077 4221 Rypon’,
1094 4140 1242 4219 salutem,
1258 4141 1409 4225 graciam,
1426 4146 1461 4201 et

138 4215 268 4328 ξζῐζῇξξο
313 4237 585 4298 benediccionem.
631 4234 790 4308 Quoniam
804 4232 1081 4296 cohabitacionem
1092 4239 1127 4297 01
1142 4236 1302 4298 carnalem
1311 4237 1459 4317 copulam

138 4343 280 4399 paneam,
314 4332 400 4391 inter
422 4331 625 4393 Willelmum
650 4329 793 4407 Raskelf,
815 4330 998 4406 diaconum,
1021 4335 1055 4392 et
1078 4329 1295 4414 Margaretam
1320 4332 1396 4395 Scot
1419 4333 1459 4394 de

45 4441 51 4452 .
146 4411 208 4455 Wiu.
222 4413 279 4458 1100·

136 4462 189 4528 ,μ’
201 4471 250 4515 dm,
314 4426 449 4508 Rypon',
474 4428 540 4509 qui,
563 4430 602 4487 nt
627 4426 668 4487 ab
688 4425 850 4507 aliquibus
873 4425 1002 4505 dicitur,
1022 4427 1232 4507 clandestine,
1255 4428 1370 4492 bannis
1393 4449 1457 4490 non
