3074 5032
638 320 846 373 MEMORIALS
871 319 915 371 01⁴¹
941 318 1060 371 RlPON.

279 515 337 556 seu
360 495 423 556 alio
438 491 674 555 communionis
700 511 819 574 genere
843 491 907 551 nisi
932 493 1090 572 qnatenus
1110 488 1327 570 participandi
1350 509 1425 549 oum

278 590 399 652 talibus
410 589 494 671 juris
509 587 659 650 remediis
674 587 896 670 indulgentur.

103 705 229 752 Youshau
345 686 374 746 A
398 685 649 747 denunciacione
676 683 778 744 eciam
803 688 837 745 et
863 681 1085 764 publicaoione
1107 681 1346 743 sentenciarum
1370 701 1425 742 ex-

103 770 223 869 ἓζξξξξζξ
232 773 256 808 ¹⁰
279 781 581 843 communicacionis
593 778 723 861 majoris
738 779 876 840 latarum
888 799 928 840 ex
938 777 1227 839 constitucionibus
1241 781 1426 838 sanctorum

105 884 169 927 tuem
181 882 246 926 until
280 882 420 958 patrum,
436 876 609 956 dequibus
626 876 849 957 praemittitur,
866 895 924 935 seu
939 863 1281 934 excommunicacionis
1297 893 1353 954 per
1367 893 1426 934 nos

104 942 162 1000 they
172 941 202 986 be
452 972 457 984 .
511 973 517 985 .
545 973 551 984 .
576 973 582 984 .
722 970 729 983 .
851 971 857 984 .
1072 970 1078 982 .

104 999 240 1046 reconcueu.
280 972 354 1033 latae
370 972 422 1033 vel
448 970 647 1033 inhrbrorone
672 969 860 1052 hujusmodr
883 990 947 1031 non
964 974 1096 1030 cessetrs
1117 989 1285 1050 quousque
1300 989 1427 1030 excom-

281 1069 438 1130 municati
475 1067 622 1149 praedicti
659 1067 854 1129 beneficium
891 1064 1103 1127 absolucionis
1139 1067 1175 1125 in
1207 1064 1309 1126 forma
1341 1064 1427 1146 juris

281 1165 460 1225 meruerint
476 1165 633 1244 optinere,
649 1163 689 1224 ad
712 1164 874 1246 gremium
896 1160 1037 1222 ecclesiae
1052 1157 1222 1222 humiliter
1241 1161 1427 1239 redeuntes,

106 1274 152 1319 We
162 1287 256 1319 reserva
281 1280 418 1342 quorum
435 1265 469 1320 et
484 1258 658 1340 cujuslibet
675 1260 818 1338 ipsorum
834 1257 1074 1318 absolucionem
1089 1276 1107 1317 a
1130 1256 1226 1317 dictis
1243 1276 1426 1318 excommu-

104 1333 247 1437 fffiiffi‘*
281 1356 453 1438 nicationis
475 1355 649 1415 sentenciis
675 1353 751 1415 Sedi
771 1352 963 1434 Apostolicae
985 1357 1019 1413 et
1038 1351 1142 1428 nobis,
1156 1357 1371 1433 praeterquam
1392 1353 1427 1412 in

106 1453 235 1554 llichdges'
282 1451 395 1511 mortis
411 1449 559 1526 articulo,
577 1448 761 1530 specialiter
775 1468 985 1510 reservamus

109 1569 221 1613 andour-
347 1546 397 1606 ·De
422 1544 667 1606 malefactorum
688 1564 883 1626 suorumque
904 1548 1085 1620 auctorum,
1100 1542 1276 1621 fautorum,
1293 1547 1326 1604 et
1341 1563 1427 1604 oom-

107 1629 258 1744 feess'etffqeffie
281 1641 416 1722 plicum,
426 1662 463 1702 ac
480 1661 533 1702 eos
549 1645 583 1702 et
606 1641 708 1702 dictos
723 1639 853 1701 clericos
869 1639 1024 1724 fugitivos
1047 1641 1286 1720 receptancium
1303 1643 1337 1700 et
1351 1659 1427 1700 con-

106 1746 221 1814 intarta
282 1737 461 1798 celanoium
498 1737 695 1814 nominibus,
728 1735 970 1808 nichilomimns
1007 1756 1082 1796 cum
1113 1739 1224 1796 exacta
1254 1734 1428 1818 diligencia

106 1803 234 1932 ssgffzffffl
281 1832 463 1913 inquiratis,
487 1833 661 1914 dequibus
683 1853 757 1893 cum
772 1833 863 1894 vobis
886 1832 1081 1908 constiterit,
1104 1852 1141 1892 ac
1164 1831 1427 1892 denunciacionis

107 1946 200 2049 inquire
211 1946 248 1991 for
281 1929 513 2008 publicacionis
529 1929 766 1990 sentenciarum
782 1928 1154 1989 excommunicacionum
1170 1932 1204 1988 et
1219 1924 1427 1987 inhibicionis

107 2006 129 2048 ”¹
147 2005 242 2050 “md
281 2023 384 2085 forma
411 2029 445 2085 et
469 2024 574 2100 modo,
596 2044 654 2085 nos
678 2024 832 2085 distincte
855 2029 889 2084 et
912 2027 1023 2103 aperte
1050 2024 1130 2084 citra
1152 2022 1273 2083 festum
1296 2021 1427 2083 Exalta-
1473 2079 1476 2085 ,

108 2063 174 2109 abett
189 2077 219 2109 rs.

175 2078 188 2110 ⁰
282 2121 382 2181 cionis
414 2119 540 2181 Sanctae
572 2119 681 2181 Crucis
710 2140 799 2200 prox.
829 2118 979 2179 futurum
1010 2119 1195 2180 certificetis
1227 2138 1286 2199 per
1315 2117 1427 2179 literas

282 2225 404 2275 vestras
428 2219 577 2295 patentes
601 2213 716 2275 harum
744 2215 859 2275 seriem
885 2219 919 2275 et
943 2219 1178 2296 compertorum
1208 2234 1266 2296 per
1291 2214 1428 2295 inquisi-

282 2313 408 2373 cionem
423 2310 609 2393 hujnsmodi
628 2315 759 2373 nomina
774 2312 916 2394 plenarie
932 2313 1145 2374 continentes.
1183 2311 1310 2372 Valete.
1353 2311 1427 2373 Dat.

282 2406 368 2487 apud
388 2406 531 2484 Cawode,
555 2406 585 2489 vj
603 2408 682 2469 Idus
705 2407 857 2490 Augusti,
880 2408 975 2469 Anno
997 2408 1130 2468 Domini
1153 2406 1325 2468 millesimo
1340 2411 1427 2468 cccmc

282 2504 445 2564 tricesimo
462 2505 610 2584 septimn,
627 2509 661 2565 et
676 2505 883 2585 pontificatus
898 2506 1000 2565 nostri
1014 2504 1176 2565 vicesimo.

108 2617 158 2662 Tne
169 2630 233 2662 same
348 2600 392 2660 Et
408 2600 652 2662 memorandum
675 2600 760 2681 quod
775 2600 899 2662 eisdem
914 2600 967 2661 die
983 2605 1017 2661 et
1032 2600 1101 2662 loco
1117 2599 1177 2661 sub
1193 2599 1316 2660 eisdem
1331 2599 1427 2659 modo

108 2677 259 2780 ppggpksent
283 2699 317 2755 et
332 2693 444 2771 forma,
460 2695 611 2776 capitulis
627 2695 835 2756 ecclesiarum
851 2701 1034 2756 nostrarum
1050 2695 1145 2757 Ebor.
1158 2695 1287 2756 Benerl.
1299 2693 1427 2756 Suwell.

108 2769 231 2846 novercis,
284 2796 318 2852 et
342 2791 521 2869 Houeden’,
537 2794 672 2854 mutatis
695 2793 872 2869 mutandis,
888 2812 924 2853 ac
947 2790 1179 2854 archidiaconis
1194 2792 1311 2853 nostris
1332 2790 1427 2851 Ebor.

108 2842 246 2969 {⁰323}
283 2886 377 2949 Rich.
394 2887 581 2970 Clyueland.
605 2886 859 2972 Notinghamiae,
875 2893 909 2949 et
931 2889 1118 2972 Estridyng‚
1141 2909 1242 2970 usque
1265 2888 1321 2962 ibi,
1337 2886 1428 2948 vobis

107 2971 191 3073 ffif‘l
203 2973 242 3016 ‘¹¹0
282 2985 318 3045 in
335 2985 455 3046 virtute
471 2984 664 3047 obedienciae
687 2990 722 3047 et
746 2985 805 3047 sub
828 3005 923 3067 poena
941 2985 1283 3047 excommunicacionis
1298 2983 1428 3065 majoris

107 3089 214 3135 neamus.
283 3081 428 3143 districte
451 3082 665 3164 praecipiendo
688 3083 891 3158 mandamus,
906 3083 1059 3163 quatinus
1075 3083 1110 3142 in
1134 3080 1270 3166 singulis
1285 3080 1428 3142 ecclesiis

281 3176 558 3241 archidiaconatus
573 3179 720 3260 praedicti
736 3183 771 3240 et
785 3179 821 3239 in
829 3178 959 3259 capellis
973 3179 1109 3261 singulis
1119 3179 1234 3240 diebus
1249 3177 1427 3238 Dominicis

283 3279 317 3336 et
330 3273 467 3350 festivis,
477 3276 564 3336 intra
579 3276 750 3336 missarum
766 3274 953 3355 solempnia,
965 3295 1040 3335 oum
1055 3275 1156 3356 major
1170 3274 1301 3335 affuerit
1315 3273 1428 3354 populi

283 3369 472 3444 multitudo,
488 3390 524 3430 ac
543 3372 578 3430 in
593 3370 847 3445 visitacionibus,
863 3370 1024 3450 capitulis,
1035 3376 1069 3431 et
1084 3370 1155 3432 aliis
1172 3369 1250 3431 oleri
1266 3374 1300 3430 et
1314 3370 1427 3450 populi

282 3464 576 3540 convocacionibus,
600 3483 708 3524 omnes
730 3469 764 3524 et
791 3463 934 3545 singulos
961 3465 1042 3525 dicti
1066 3464 1193 3526 sceleris
1221 3470 1255 3526 et
1278 3485 1428 3526 excessus

283 3561 344 3619 eto.
372 3577 479 3638 acque
501 3554 713 3618 nominatim
734 3563 762 3619 et
784 3555 825 3618 in
840 3557 957 3640 specie,
971 3579 1029 3640 per
1048 3560 1192 3640 ipsarum
1208 3559 1428 3637 ecclesiarum,

282 3651 488 3733 capellarum,
520 3656 555 3713 et
584 3651 727 3712 locorum
757 3658 906 3731 rectores,
937 3655 1081 3732 vicarios,
1111 3655 1305 3736 presbiteros
1335 3674 1428 3734 paro-

187 3783 193 3789 ·
283 3746 414 3826 chiales,
435 3753 470 3808 et
490 3747 570 3808 alios
589 3747 770 3828 capellanos
794 3749 828 3809 in
849 3750 929 3830 ipsis
953 3750 1095 3813 ecclesiis
1118 3757 1152 3812 et
1170 3749 1300 3831 capellis
1323 3748 1428 3830 quali-

282 3849 472 3926 tercumque
495 3843 706 3922 celebrantes,
722 3865 759 3906 ac
782 3849 912 3906 caeteros
935 3845 1064 3907 clericos
1089 3847 1296 3907 ecclesiarum
1312 3844 1428 3904 minis-

282 3946 358 4017 tros,
385 3939 465 4000 albis
492 3939 634 4016 indutos,
661 3939 697 3999 in
726 3940 876 4002 manibus
903 3962 1009 4003 cereos
1040 3942 1093 4004 vel
1115 3941 1263 4003 candelas
1286 3940 1428 4001 ferentes

281 4057 439 4113 accensos,
465 4035 602 4116 pulsatis
632 4038 807 4117 campanis,
832 4057 989 4119 cruceque
1019 4045 1136 4117 erecta,
1167 4043 1201 4100 et
1232 4056 1307 4098 curn
1337 4034 1427 4097 omni

283 4133 511 4214 solempnitate
534 4152 606 4215 quae
629 4137 849 4210 consueverat,
872 4138 933 4195 etc.
956 4132 1083 4196 faciatis
1107 4134 1317 4216 solempniter
1340 4151 1424 4191 nun·

280 4230 356 4292 cieri
372 4234 405 4290 et
420 4229 523 4289 vocari
540 4228 752 4310 personaliter
766 4231 939 4292 nuncietis.

348 4326 483 4407 Insuper
498 4345 572 4386 curn
588 4345 626 4386 ex
643 4325 809 4406 culparum
826 4330 888 4388 etc.
