<?xml version="1.0" encoding="UTF-8"?>
<!DOCTYPE html PUBLIC "-//W3C//DTD XHTML 1.0 Transitional//EN"
    "http://www.w3.org/TR/xhtml1/DTD/xhtml1-transitional.dtd">
<html xmlns="http://www.w3.org/1999/xhtml" xml:lang="en" lang="en">
 <head>
  <title>
</title>
<meta http-equiv="Content-Type" content="text/html;charset=utf-8" />
  <meta name='ocr-system' content='tesseract 3.04.00' />
  <meta name='ocr-capabilities' content='ocr_page ocr_carea ocr_par ocr_line ocrx_word'/>
</head>
<body>
  <div class='ocr_page' id='page_1' title='image "./memorialschurch02fowlgoog_0190.png"; bbox 0 0 3074 5032; ppageno 0'>
   <div class='ocr_carea' id='block_1_1' title="bbox 301 317 1061 392">
    <p class='ocr_par' dir='ltr' id='par_1_1' title="bbox 301 317 1061 392">
     <span class='ocr_line' id='line_1_1' title="bbox 301 317 1061 392; baseline 0 -22"><span class='ocrx_word' id='word_1_1' title='bbox 301 319 473 372; x_wconf 77' lang='lat' dir='ltr'><strong>EXTRAUPS</strong></span> <span class='ocrx_word' id='word_1_2' title='bbox 498 317 596 370; x_wconf 77' lang='lat' dir='ltr'>FROM</span> <span class='ocrx_word' id='word_1_3' title='bbox 620 318 718 370; x_wconf 87' lang='lat' dir='ltr'>YORK</span> <span class='ocrx_word' id='word_1_4' title='bbox 743 317 957 392; x_wconf 49' lang='lat' dir='ltr'>scelerarem</span> <span class='ocrx_word' id='word_1_5' title='bbox 984 320 1061 371; x_wconf 79' lang='lat' dir='ltr'>LRE.</span> 
     </span>
    </p>
   </div>
   <div class='ocr_carea' id='block_1_2' title="bbox 30 482 1432 4397">
    <p class='ocr_par' dir='ltr' id='par_1_2' title="bbox 104 482 1421 952">
     <span class='ocr_line' id='line_1_2' title="bbox 106 482 1255 570; baseline -0.002 -22"><span class='ocrx_word' id='word_1_6' title='bbox 106 485 323 567; x_wconf 92' lang='lat' dir='ltr'>omnibusque</span> <span class='ocrx_word' id='word_1_7' title='bbox 345 491 380 548; x_wconf 90' lang='lat' dir='ltr'>et</span> <span class='ocrx_word' id='word_1_8' title='bbox 406 486 543 570; x_wconf 88' lang='lat' dir='ltr'>singulis</span> <span class='ocrx_word' id='word_1_9' title='bbox 567 488 662 549; x_wconf 89' lang='lat' dir='ltr'>dictae</span> <span class='ocrx_word' id='word_1_10' title='bbox 688 487 829 550; x_wconf 75' lang='lat' dir='ltr'>ecclesiae</span> <span class='ocrx_word' id='word_1_11' title='bbox 855 487 1017 549; x_wconf 87' lang='lat' dir='ltr'>canonicis</span> <span class='ocrx_word' id='word_1_12' title='bbox 1040 482 1255 570; x_wconf 88' lang='lat' dir='ltr'>injungimus,</span> 
     </span>
     <span class='ocr_line' id='line_1_3' title="bbox 108 582 1254 666; baseline 0.002 -24"><span class='ocrx_word' id='word_1_13' title='bbox 108 583 323 663; x_wconf 85' lang='lat' dir='ltr'>praecipimus‚</span> <span class='ocrx_word' id='word_1_14' title='bbox 353 587 389 644; x_wconf 92' lang='lat' dir='ltr'>et</span> <span class='ocrx_word' id='word_1_15' title='bbox 418 584 620 659; x_wconf 86' lang='lat' dir='ltr'>mandamus,</span> <span class='ocrx_word' id='word_1_16' title='bbox 644 584 799 666; x_wconf 80' lang='lat' dir='ltr'><strong>quatinus</strong></span> <span class='ocrx_word' id='word_1_17' title='bbox 830 605 906 645; x_wconf 93' lang='lat' dir='ltr'>cum</span> <span class='ocrx_word' id='word_1_18' title='bbox 930 588 970 645; x_wconf 91' lang='lat' dir='ltr'>tu</span> <span class='ocrx_word' id='word_1_19' title='bbox 995 582 1093 661; x_wconf 75' lang='lat' dir='ltr'>adsiS,</span> <span class='ocrx_word' id='word_1_20' title='bbox 1123 603 1193 660; x_wconf 91' lang='lat' dir='ltr'>seu,</span> <span class='ocrx_word' id='word_1_21' title='bbox 1219 586 1254 644; x_wconf 92' lang='lat' dir='ltr'>te</span> 
     </span>
     <span class='ocr_line' id='line_1_4' title="bbox 107 679 1421 762; baseline 0 -23"><span class='ocrx_word' id='word_1_22' title='bbox 107 679 252 756; x_wconf 83' lang='lat' dir='ltr'>absente,</span> <span class='ocrx_word' id='word_1_23' title='bbox 269 679 375 740; x_wconf 90' lang='lat' dir='ltr'>senior</span> <span class='ocrx_word' id='word_1_24' title='bbox 398 680 569 740; x_wconf 90' lang='lat' dir='ltr'>canonicus</span> <span class='ocrx_word' id='word_1_25' title='bbox 593 700 692 761; x_wconf 92' lang='lat' dir='ltr'>quem</span> <span class='ocrx_word' id='word_1_26' title='bbox 712 684 792 741; x_wconf 90' lang='lat' dir='ltr'>tunc</span> <span class='ocrx_word' id='word_1_27' title='bbox 810 679 923 741; x_wconf 85' lang='lat' dir='ltr'>adesse</span> <span class='ocrx_word' id='word_1_28' title='bbox 941 679 1127 762; x_wconf 87' lang='lat' dir='ltr'>contigerit,</span> <span class='ocrx_word' id='word_1_29' title='bbox 1142 697 1255 739; x_wconf 89' lang='lat' dir='ltr'>omnes</span> <span class='ocrx_word' id='word_1_30' title='bbox 1280 681 1421 728; x_wconf 77' lang='lat' dir='ltr'>Allfellow-</span> 
     </span>
     <span class='ocr_line' id='line_1_5' title="bbox 104 754 1416 856; baseline -0.001 -20"><span class='ocrx_word' id='word_1_31' title='bbox 104 775 286 851; x_wconf 88' lang='lat' dir='ltr'>canonicos,</span> <span class='ocrx_word' id='word_1_32' title='bbox 308 780 376 836; x_wconf 87' lang='lat' dir='ltr'>tarn</span> <span class='ocrx_word' id='word_1_33' title='bbox 399 776 580 837; x_wconf 85' lang='lat' dir='ltr'>residentes</span> <span class='ocrx_word' id='word_1_34' title='bbox 603 795 700 856; x_wconf 89' lang='lat' dir='ltr'>quam</span> <span class='ocrx_word' id='word_1_35' title='bbox 720 795 786 836; x_wconf 92' lang='lat' dir='ltr'>non</span> <span class='ocrx_word' id='word_1_36' title='bbox 801 775 990 852; x_wconf 72' lang='lat' dir='ltr'>residentes,</span> <span class='ocrx_word' id='word_1_37' title='bbox 1006 774 1046 836; x_wconf 87' lang='lat' dir='ltr'>ad</span> <span class='ocrx_word' id='word_1_38' title='bbox 1061 775 1170 836; x_wconf 93' lang='lat' dir='ltr'>omnia</span> <span class='ocrx_word' id='word_1_39' title='bbox 1184 779 1256 835; x_wconf 77' lang='lat' dir='ltr'>aeta</span> <span class='ocrx_word' id='word_1_40' title='bbox 1279 754 1416 846; x_wconf 48' lang='lat' dir='ltr'>Qum</span> 
     </span>
     <span class='ocr_line' id='line_1_6' title="bbox 107 859 1366 952; baseline 0 -21"><span class='ocrx_word' id='word_1_41' title='bbox 107 875 142 931; x_wconf 91' lang='lat' dir='ltr'>et</span> <span class='ocrx_word' id='word_1_42' title='bbox 167 871 302 952; x_wconf 86' lang='lat' dir='ltr'>negocia</span> <span class='ocrx_word' id='word_1_43' title='bbox 326 870 517 951; x_wconf 89' lang='lat' dir='ltr'>capitularia</span> <span class='ocrx_word' id='word_1_44' title='bbox 540 871 641 951; x_wconf 91' lang='lat' dir='ltr'>ipsius</span> <span class='ocrx_word' id='word_1_45' title='bbox 666 870 808 932; x_wconf 89' lang='lat' dir='ltr'>ecclesiae</span> <span class='ocrx_word' id='word_1_46' title='bbox 834 870 1028 947; x_wconf 81' lang='lat' dir='ltr'>convocetis,</span> <span class='ocrx_word' id='word_1_47' title='bbox 1052 874 1087 931; x_wconf 90' lang='lat' dir='ltr'>et</span> <span class='ocrx_word' id='word_1_48' title='bbox 1110 871 1255 951; x_wconf 90' lang='lat' dir='ltr'>ipsorum</span> <span class='ocrx_word' id='word_1_49' title='bbox 1279 859 1366 904; x_wconf 50' lang='grc' dir='ltr'>ΝΜ·</span> 
     </span>
    </p>

    <p class='ocr_par' dir='ltr' id='par_1_3' title="bbox 30 965 1257 1433">
     <span class='ocr_line' id='line_1_7' title="bbox 30 965 1255 1048; baseline -0.001 -21"><span class='ocrx_word' id='word_1_50' title='bbox 30 999 32 1004; x_wconf 93' lang='grc'><strong><em>·</em></strong></span> <span class='ocrx_word' id='word_1_51' title='bbox 105 967 265 1041; x_wconf 90' lang='lat' dir='ltr'>omnium,</span> <span class='ocrx_word' id='word_1_52' title='bbox 281 986 338 1027; x_wconf 91' lang='lat' dir='ltr'>seu</span> <span class='ocrx_word' id='word_1_53' title='bbox 354 967 469 1027; x_wconf 86' lang='lat' dir='ltr'>saltem</span> <span class='ocrx_word' id='word_1_54' title='bbox 490 966 621 1048; x_wconf 89' lang='lat' dir='ltr'>majoris</span> <span class='ocrx_word' id='word_1_55' title='bbox 643 968 744 1048; x_wconf 90' lang='lat' dir='ltr'>partis</span> <span class='ocrx_word' id='word_1_56' title='bbox 768 966 944 1027; x_wconf 91' lang='lat' dir='ltr'>eorundem</span> <span class='ocrx_word' id='word_1_57' title='bbox 966 965 1099 1027; x_wconf 88' lang='lat' dir='ltr'>consilio</span> <span class='ocrx_word' id='word_1_58' title='bbox 1121 970 1156 1026; x_wconf 91' lang='lat' dir='ltr'>et</span> <span class='ocrx_word' id='word_1_59' title='bbox 1178 985 1255 1027; x_wconf 91' lang='lat' dir='ltr'>con·</span> 
     </span>
     <span class='ocr_line' id='line_1_8' title="bbox 109 1060 1257 1144; baseline -0.002 -20"><span class='ocrx_word' id='word_1_60' title='bbox 109 1081 216 1138; x_wconf 89' lang='lat' dir='ltr'>sensu,</span> <span class='ocrx_word' id='word_1_61' title='bbox 231 1063 339 1122; x_wconf 89' lang='lat' dir='ltr'>omnia</span> <span class='ocrx_word' id='word_1_62' title='bbox 353 1063 441 1123; x_wconf 87' lang='lat' dir='ltr'>dicta</span> <span class='ocrx_word' id='word_1_63' title='bbox 454 1063 588 1144; x_wconf 88' lang='lat' dir='ltr'>negocia</span> <span class='ocrx_word' id='word_1_64' title='bbox 602 1063 748 1123; x_wconf 89' lang='lat' dir='ltr'>tractetis</span> <span class='ocrx_word' id='word_1_65' title='bbox 764 1066 799 1122; x_wconf 90' lang='lat' dir='ltr'>et</span> <span class='ocrx_word' id='word_1_66' title='bbox 814 1061 1002 1142; x_wconf 90' lang='lat' dir='ltr'>expediatis,</span> <span class='ocrx_word' id='word_1_67' title='bbox 1017 1062 1081 1122; x_wconf 91' lang='lat' dir='ltr'>nisi</span> <span class='ocrx_word' id='word_1_68' title='bbox 1097 1061 1163 1122; x_wconf 91' lang='lat' dir='ltr'>sint</span> <span class='ocrx_word' id='word_1_69' title='bbox 1177 1060 1257 1122; x_wconf 87' lang='lat' dir='ltr'>talia</span> 
     </span>
     <span class='ocr_line' id='line_1_9' title="bbox 107 1156 1256 1240; baseline -0.001 -22"><span class='ocrx_word' id='word_1_70' title='bbox 107 1158 240 1240; x_wconf 88' lang='lat' dir='ltr'>negocia</span> <span class='ocrx_word' id='word_1_71' title='bbox 263 1176 334 1237; x_wconf 89' lang='lat' dir='ltr'>quae</span> <span class='ocrx_word' id='word_1_72' title='bbox 364 1158 531 1218; x_wconf 87' lang='lat' dir='ltr'>canonicos</span> <span class='ocrx_word' id='word_1_73' title='bbox 557 1158 797 1219; x_wconf 89' lang='lat' dir='ltr'>residenciarios</span> <span class='ocrx_word' id='word_1_74' title='bbox 824 1156 928 1218; x_wconf 93' lang='lat' dir='ltr'>solum</span> <span class='ocrx_word' id='word_1_75' title='bbox 957 1161 1097 1239; x_wconf 91' lang='lat' dir='ltr'>tangunt</span> <span class='ocrx_word' id='word_1_76' title='bbox 1123 1161 1158 1218; x_wconf 90' lang='lat' dir='ltr'>et</span> <span class='ocrx_word' id='word_1_77' title='bbox 1180 1176 1256 1218; x_wconf 84' lang='lat' dir='ltr'>con-</span> 
     </span>
     <span class='ocr_line' id='line_1_10' title="bbox 106 1252 1255 1333; baseline -0.001 -20"><span class='ocrx_word' id='word_1_78' title='bbox 106 1256 258 1327; x_wconf 80' lang='lat' dir='ltr'>cernunt,</span> <span class='ocrx_word' id='word_1_79' title='bbox 273 1258 312 1313; x_wconf 91' lang='lat' dir='ltr'>ut</span> <span class='ocrx_word' id='word_1_80' title='bbox 328 1259 405 1314; x_wconf 91' lang='lat' dir='ltr'>sunt</span> <span class='ocrx_word' id='word_1_81' title='bbox 420 1254 635 1314; x_wconf 89' lang='lat' dir='ltr'>cantariarum</span> <span class='ocrx_word' id='word_1_82' title='bbox 660 1254 846 1314; x_wconf 81' lang='lat' dir='ltr'>vacantium</span> <span class='ocrx_word' id='word_1_83' title='bbox 861 1253 1063 1333; x_wconf 90' lang='lat' dir='ltr'>quorundam</span> <span class='ocrx_word' id='word_1_84' title='bbox 1078 1252 1255 1313; x_wconf 90' lang='lat' dir='ltr'>officiorum</span> 
     </span>
     <span class='ocr_line' id='line_1_11' title="bbox 108 1345 1255 1433; baseline 0 -25"><span class='ocrx_word' id='word_1_85' title='bbox 108 1349 327 1409; x_wconf 89' lang='lat' dir='ltr'>concessiones</span> <span class='ocrx_word' id='word_1_86' title='bbox 343 1357 377 1410; x_wconf 89' lang='lat' dir='ltr'>et</span> <span class='ocrx_word' id='word_1_87' title='bbox 393 1345 616 1433; x_wconf 90' lang='lat' dir='ltr'>exer(ci)tium</span> <span class='ocrx_word' id='word_1_88' title='bbox 626 1347 863 1430; x_wconf 88' lang='lat' dir='ltr'>jurisdictionis</span> <span class='ocrx_word' id='word_1_89' title='bbox 882 1348 1061 1430; x_wconf 90' lang='lat' dir='ltr'>spiritualis</span> <span class='ocrx_word' id='word_1_90' title='bbox 1084 1369 1159 1409; x_wconf 93' lang='lat' dir='ltr'>cum</span> <span class='ocrx_word' id='word_1_91' title='bbox 1182 1367 1255 1429; x_wconf 92' lang='lat' dir='ltr'>pro-</span> 
     </span>
    </p>

    <p class='ocr_par' dir='ltr' id='par_1_4' title="bbox 106 1441 1255 1621">
     <span class='ocr_line' id='line_1_12' title="bbox 109 1441 1255 1526; baseline 0.002 -23"><span class='ocrx_word' id='word_1_92' title='bbox 109 1443 192 1504; x_wconf 88' lang='lat' dir='ltr'>ficuo</span> <span class='ocrx_word' id='word_1_93' title='bbox 208 1441 364 1524; x_wconf 90' lang='lat' dir='ltr'>ejusdem,</span> <span class='ocrx_word' id='word_1_94' title='bbox 380 1464 452 1525; x_wconf 87' lang='lat' dir='ltr'>quae</span> <span class='ocrx_word' id='word_1_95' title='bbox 466 1445 601 1526; x_wconf 89' lang='lat' dir='ltr'>negocia</span> <span class='ocrx_word' id='word_1_96' title='bbox 617 1445 748 1505; x_wconf 88' lang='lat' dir='ltr'>tractari</span> <span class='ocrx_word' id='word_1_97' title='bbox 775 1448 809 1505; x_wconf 89' lang='lat' dir='ltr'>et</span> <span class='ocrx_word' id='word_1_98' title='bbox 833 1444 978 1526; x_wconf 88' lang='lat' dir='ltr'>expediri</span> <span class='ocrx_word' id='word_1_99' title='bbox 1003 1443 1153 1504; x_wconf 83' lang='lat' dir='ltr'>volu‘mus</span> <span class='ocrx_word' id='word_1_100' title='bbox 1179 1463 1255 1505; x_wconf 91' lang='lat' dir='ltr'>con-</span> 
     </span>
     <span class='ocr_line' id='line_1_13' title="bbox 106 1537 1254 1621; baseline 0.001 -22"><span class='ocrx_word' id='word_1_101' title='bbox 106 1558 204 1599; x_wconf 90' lang='lat' dir='ltr'>sensu</span> <span class='ocrx_word' id='word_1_102' title='bbox 233 1540 379 1600; x_wconf 91' lang='lat' dir='ltr'>omnium</span> <span class='ocrx_word' id='word_1_103' title='bbox 410 1559 468 1600; x_wconf 90' lang='lat' dir='ltr'>seu</span> <span class='ocrx_word' id='word_1_104' title='bbox 497 1537 627 1621; x_wconf 88' lang='lat' dir='ltr'>majoris</span> <span class='ocrx_word' id='word_1_105' title='bbox 651 1540 752 1620; x_wconf 84' lang='lat' dir='ltr'>partis</span> <span class='ocrx_word' id='word_1_106' title='bbox 778 1540 1004 1600; x_wconf 88' lang='lat' dir='ltr'>canonicorum</span> <span class='ocrx_word' id='word_1_107' title='bbox 1028 1538 1254 1600; x_wconf 90' lang='lat' dir='ltr'>residentium.</span> 
     </span>
    </p>

    <p class='ocr_par' dir='ltr' id='par_1_5' title="bbox 108 1633 1256 1907">
     <span class='ocr_line' id='line_1_14' title="bbox 108 1633 1256 1712; baseline -0.001 -17"><span class='ocrx_word' id='word_1_108' title='bbox 108 1633 145 1696; x_wconf 84' lang='lat' dir='ltr'>Si</span> <span class='ocrx_word' id='word_1_109' title='bbox 161 1653 236 1695; x_wconf 89' lang='lat' dir='ltr'>vero</span> <span class='ocrx_word' id='word_1_110' title='bbox 251 1634 315 1695; x_wconf 93' lang='lat' dir='ltr'>duo</span> <span class='ocrx_word' id='word_1_111' title='bbox 331 1639 462 1695; x_wconf 91' lang='lat' dir='ltr'>tantum</span> <span class='ocrx_word' id='word_1_112' title='bbox 478 1635 624 1696; x_wconf 87' lang='lat' dir='ltr'>canonici</span> <span class='ocrx_word' id='word_1_113' title='bbox 639 1636 674 1695; x_wconf 93' lang='lat' dir='ltr'>in</span> <span class='ocrx_word' id='word_1_114' title='bbox 691 1635 806 1696; x_wconf 91' lang='lat' dir='ltr'>eadem</span> <span class='ocrx_word' id='word_1_115' title='bbox 825 1634 960 1695; x_wconf 87' lang='lat' dir='ltr'>ecclesia</span> <span class='ocrx_word' id='word_1_116' title='bbox 977 1634 1156 1712; x_wconf 88' lang='lat' dir='ltr'>resideant,</span> <span class='ocrx_word' id='word_1_117' title='bbox 1172 1639 1207 1695; x_wconf 92' lang='lat' dir='ltr'>et</span> <span class='ocrx_word' id='word_1_118' title='bbox 1220 1635 1256 1694; x_wconf 90' lang='lat' dir='ltr'>in</span> 
     </span>
     <span class='ocr_line' id='line_1_15' title="bbox 108 1728 1255 1813; baseline -0.001 -22"><span class='ocrx_word' id='word_1_119' title='bbox 108 1730 204 1791; x_wconf 89' lang='lat' dir='ltr'>dictis</span> <span class='ocrx_word' id='word_1_120' title='bbox 228 1731 371 1813; x_wconf 88' lang='lat' dir='ltr'>negociis</span> <span class='ocrx_word' id='word_1_121' title='bbox 395 1731 566 1792; x_wconf 86' lang='lat' dir='ltr'>convenire</span> <span class='ocrx_word' id='word_1_122' title='bbox 587 1735 767 1812; x_wconf 89' lang='lat' dir='ltr'>nequeunt,</span> <span class='ocrx_word' id='word_1_123' title='bbox 797 1730 838 1791; x_wconf 90' lang='lat' dir='ltr'>ad</span> <span class='ocrx_word' id='word_1_124' title='bbox 861 1749 920 1791; x_wconf 91' lang='lat' dir='ltr'>nos</span> <span class='ocrx_word' id='word_1_125' title='bbox 946 1730 973 1790; x_wconf 91' lang='lat' dir='ltr'>si</span> <span class='ocrx_word' id='word_1_126' title='bbox 998 1728 1084 1790; x_wconf 87' lang='lat' dir='ltr'>infra</span> <span class='ocrx_word' id='word_1_127' title='bbox 1111 1734 1255 1790; x_wconf 88' lang='lat' dir='ltr'>nostram</span> 
     </span>
     <span class='ocr_line' id='line_1_16' title="bbox 108 1823 1256 1907; baseline -0.001 -20"><span class='ocrx_word' id='word_1_128' title='bbox 108 1826 274 1888; x_wconf 87' lang='lat' dir='ltr'>dioecesim</span> <span class='ocrx_word' id='word_1_129' title='bbox 289 1831 323 1887; x_wconf 90' lang='lat' dir='ltr'>et</span> <span class='ocrx_word' id='word_1_130' title='bbox 337 1827 534 1907; x_wconf 89' lang='lat' dir='ltr'>provinciam</span> <span class='ocrx_word' id='word_1_131' title='bbox 543 1830 623 1887; x_wconf 91' lang='lat' dir='ltr'>tnnc</span> <span class='ocrx_word' id='word_1_132' title='bbox 633 1826 803 1904; x_wconf 82' lang='lat' dir='ltr'>fuerimus,</span> <span class='ocrx_word' id='word_1_133' title='bbox 815 1846 848 1886; x_wconf 92' lang='lat' dir='ltr'>se</span> <span class='ocrx_word' id='word_1_134' title='bbox 859 1829 970 1886; x_wconf 93' lang='lat' dir='ltr'>nostro</span> <span class='ocrx_word' id='word_1_135' title='bbox 976 1823 1101 1905; x_wconf 88' lang='lat' dir='ltr'>judicio</span> <span class='ocrx_word' id='word_1_136' title='bbox 1116 1825 1256 1886; x_wconf 91' lang='lat' dir='ltr'>submis-</span> 
     </span>
    </p>

    <p class='ocr_par' dir='ltr' id='par_1_6' title="bbox 108 1918 1256 2291">
     <span class='ocr_line' id='line_1_17' title="bbox 109 1918 1255 2002; baseline -0.002 -19"><span class='ocrx_word' id='word_1_137' title='bbox 109 1923 187 1997; x_wconf 90' lang='lat' dir='ltr'>suri,</span> <span class='ocrx_word' id='word_1_138' title='bbox 203 1927 237 1982; x_wconf 91' lang='lat' dir='ltr'>et</span> <span class='ocrx_word' id='word_1_139' title='bbox 259 1922 459 1982; x_wconf 86' lang='lat' dir='ltr'>sentenciam</span> <span class='ocrx_word' id='word_1_140' title='bbox 481 1927 624 1983; x_wconf 91' lang='lat' dir='ltr'>nostram</span> <span class='ocrx_word' id='word_1_141' title='bbox 639 1923 675 1982; x_wconf 92' lang='lat' dir='ltr'>in</span> <span class='ocrx_word' id='word_1_142' title='bbox 691 1918 750 1983; x_wconf 86' lang='lat' dir='ltr'>hac</span> <span class='ocrx_word' id='word_1_143' title='bbox 765 1925 855 2002; x_wconf 88' lang='lat' dir='ltr'>parte</span> <span class='ocrx_word' id='word_1_144' title='bbox 872 1921 1075 2002; x_wconf 89' lang='lat' dir='ltr'>expectaturi</span> <span class='ocrx_word' id='word_1_145' title='bbox 1090 1919 1255 1998; x_wconf 89' lang='lat' dir='ltr'>accedant,</span> 
     </span>
     <span class='ocr_line' id='line_1_18' title="bbox 108 2015 1255 2099; baseline -0.002 -20"><span class='ocrx_word' id='word_1_146' title='bbox 108 2018 252 2098; x_wconf 89' lang='lat' dir='ltr'>alioquin</span> <span class='ocrx_word' id='word_1_147' title='bbox 260 2017 351 2079; x_wconf 92' lang='lat' dir='ltr'>nobis</span> <span class='ocrx_word' id='word_1_148' title='bbox 362 2023 452 2079; x_wconf 89' lang='lat' dir='ltr'>extra</span> <span class='ocrx_word' id='word_1_149' title='bbox 467 2018 630 2079; x_wconf 85' lang='lat' dir='ltr'>dioecesim</span> <span class='ocrx_word' id='word_1_150' title='bbox 643 2022 678 2079; x_wconf 89' lang='lat' dir='ltr'>et</span> <span class='ocrx_word' id='word_1_151' title='bbox 689 2018 886 2099; x_wconf 88' lang='lat' dir='ltr'>provinciam</span> <span class='ocrx_word' id='word_1_152' title='bbox 895 2016 991 2078; x_wconf 90' lang='lat' dir='ltr'>Ebor.</span> <span class='ocrx_word' id='word_1_153' title='bbox 1003 2016 1205 2092; x_wconf 84' lang='lat' dir='ltr'>absentibus,</span> <span class='ocrx_word' id='word_1_154' title='bbox 1215 2015 1255 2077; x_wconf 87' lang='lat' dir='ltr'>ad</span> 
     </span>
     <span class='ocr_line' id='line_1_19' title="bbox 108 2111 1256 2196; baseline -0.001 -21"><span class='ocrx_word' id='word_1_155' title='bbox 108 2115 263 2175; x_wconf 89' lang='lat' dir='ltr'>vicarium</span> <span class='ocrx_word' id='word_1_156' title='bbox 285 2117 432 2175; x_wconf 91' lang='lat' dir='ltr'>nostrum</span> <span class='ocrx_word' id='word_1_157' title='bbox 465 2115 499 2175; x_wconf 92' lang='lat' dir='ltr'>in</span> <span class='ocrx_word' id='word_1_158' title='bbox 524 2114 747 2196; x_wconf 84' lang='lat' dir='ltr'>spiritualibus</span> <span class='ocrx_word' id='word_1_159' title='bbox 777 2113 967 2196; x_wconf 87' lang='lat' dir='ltr'>generalem</span> <span class='ocrx_word' id='word_1_160' title='bbox 989 2112 1154 2189; x_wconf 86' lang='lat' dir='ltr'>accedant,</span> <span class='ocrx_word' id='word_1_161' title='bbox 1184 2111 1256 2195; x_wconf 89' lang='lat' dir='ltr'>ejus</span> 
     </span>
     <span class='ocr_line' id='line_1_20' title="bbox 108 2211 872 2291; baseline 0 -19"><span class='ocrx_word' id='word_1_162' title='bbox 108 2211 308 2272; x_wconf 87' lang='lat' dir='ltr'>sentenciam</span> <span class='ocrx_word' id='word_1_163' title='bbox 324 2211 535 2291; x_wconf 84' lang='lat' dir='ltr'>expectaturi,</span> <span class='ocrx_word' id='word_1_164' title='bbox 551 2216 586 2272; x_wconf 91' lang='lat' dir='ltr'>et</span> <span class='ocrx_word' id='word_1_165' title='bbox 601 2211 708 2272; x_wconf 92' lang='lat' dir='ltr'>eidem</span> <span class='ocrx_word' id='word_1_166' title='bbox 723 2211 872 2291; x_wconf 90' lang='lat' dir='ltr'>parituri.</span> 
     </span>
    </p>

    <p class='ocr_par' dir='ltr' id='par_1_7' title="bbox 69 2305 1432 4397">
     <span class='ocr_line' id='line_1_21' title="bbox 174 2305 1362 2389; baseline 0.001 -23"><span class='ocrx_word' id='word_1_167' title='bbox 174 2306 268 2367; x_wconf 86' lang='lat' dir='ltr'>Licet</span> <span class='ocrx_word' id='word_1_168' title='bbox 282 2325 321 2366; x_wconf 89' lang='lat' dir='ltr'>ex</span> <span class='ocrx_word' id='word_1_169' title='bbox 343 2306 500 2389; x_wconf 84' lang='lat' dir='ltr'>registris,</span> <span class='ocrx_word' id='word_1_170' title='bbox 515 2311 585 2367; x_wconf 91' lang='lat' dir='ltr'>tam</span> <span class='ocrx_word' id='word_1_171' title='bbox 607 2306 750 2386; x_wconf 88' lang='lat' dir='ltr'>antiquis</span> <span class='ocrx_word' id='word_1_172' title='bbox 773 2325 871 2387; x_wconf 92' lang='lat' dir='ltr'>quam</span> <span class='ocrx_word' id='word_1_173' title='bbox 885 2306 988 2383; x_wconf 84' lang='lat' dir='ltr'>novis,</span> <span class='ocrx_word' id='word_1_174' title='bbox 1003 2306 1098 2368; x_wconf 84' lang='lat' dir='ltr'>diotae</span> <span class='ocrx_word' id='word_1_175' title='bbox 1113 2305 1255 2367; x_wconf 81' lang='lat' dir='ltr'>ecclesiae</span> <span class='ocrx_word' id='word_1_176' title='bbox 1279 2305 1314 2354; x_wconf 76' lang='lat' dir='ltr'>Of</span> <span class='ocrx_word' id='word_1_177' title='bbox 1320 2308 1362 2355; x_wconf 74' lang='lat' dir='ltr'>she</span> 
     </span>
     <span class='ocr_line' id='line_1_22' title="bbox 69 2369 1432 2490; baseline -0.001 -26"><span class='ocrx_word' id='word_1_178' title='bbox 69 2438 70 2442; x_wconf 62' lang='lat'><em>=</em></span> <span class='ocrx_word' id='word_1_179' title='bbox 107 2402 296 2486; x_wconf 63' lang='lat' dir='ltr'>collegiatae,</span> <span class='ocrx_word' id='word_1_180' title='bbox 312 2401 435 2483; x_wconf 86' lang='lat' dir='ltr'>liqueat</span> <span class='ocrx_word' id='word_1_181' title='bbox 463 2401 634 2463; x_wconf 89' lang='lat' dir='ltr'>manifeste</span> <span class='ocrx_word' id='word_1_182' title='bbox 664 2403 854 2463; x_wconf 89' lang='lat' dir='ltr'>canonicum</span> <span class='ocrx_word' id='word_1_183' title='bbox 879 2406 913 2463; x_wconf 90' lang='lat' dir='ltr'>et</span> <span class='ocrx_word' id='word_1_184' title='bbox 936 2392 1193 2483; x_wconf 77' lang='lat' dir='ltr'>praebendarium</span> <span class='ocrx_word' id='word_1_185' title='bbox 1215 2403 1256 2464; x_wconf 96' lang='lat' dir='ltr'>de</span> <span class='ocrx_word' id='word_1_186' title='bbox 1281 2369 1432 2490; x_wconf 56' lang='lat' dir='ltr'>{iissgnffiiy</span> 
     </span>
     <span class='ocr_line' id='line_1_23' title="bbox 108 2486 1386 2592; baseline -0.002 -31"><span class='ocrx_word' id='word_1_187' title='bbox 108 2498 296 2580; x_wconf 82' lang='lat' dir='ltr'>Stangwigg</span> <span class='ocrx_word' id='word_1_188' title='bbox 310 2496 350 2557; x_wconf 92' lang='lat' dir='ltr'>de</span> <span class='ocrx_word' id='word_1_189' title='bbox 366 2498 601 2559; x_wconf 89' lang='lat' dir='ltr'>consuetudine</span> <span class='ocrx_word' id='word_1_190' title='bbox 619 2499 756 2578; x_wconf 89' lang='lat' dir='ltr'>antiqua</span> <span class='ocrx_word' id='word_1_191' title='bbox 778 2518 796 2558; x_wconf 92' lang='lat' dir='ltr'>a</span> <span class='ocrx_word' id='word_1_192' title='bbox 820 2502 966 2579; x_wconf 87' lang='lat' dir='ltr'>ternpore</span> <span class='ocrx_word' id='word_1_193' title='bbox 990 2501 1025 2559; x_wconf 90' lang='lat' dir='ltr'>et</span> <span class='ocrx_word' id='word_1_194' title='bbox 1047 2519 1104 2579; x_wconf 89' lang='lat' dir='ltr'>per</span> <span class='ocrx_word' id='word_1_195' title='bbox 1126 2504 1257 2580; x_wconf 89' lang='lat' dir='ltr'>tempus</span> <span class='ocrx_word' id='word_1_196' title='bbox 1280 2486 1386 2592; x_wconf 51' lang='lat' dir='ltr'>fflffl·</span> 
     </span>
     <span class='ocr_line' id='line_1_24' title="bbox 107 2579 1349 2676; baseline -0.001 -20"><span class='ocrx_word' id='word_1_197' title='bbox 107 2593 200 2676; x_wconf 88' lang='lat' dir='ltr'>cujus</span> <span class='ocrx_word' id='word_1_198' title='bbox 226 2595 377 2655; x_wconf 89' lang='lat' dir='ltr'>contrarii</span> <span class='ocrx_word' id='word_1_199' title='bbox 402 2594 557 2655; x_wconf 90' lang='lat' dir='ltr'>memoria</span> <span class='ocrx_word' id='word_1_200' title='bbox 580 2590 751 2654; x_wconf 92' lang='lat' dir='ltr'>hominum</span> <span class='ocrx_word' id='word_1_201' title='bbox 773 2612 839 2654; x_wconf 91' lang='lat' dir='ltr'>non</span> <span class='ocrx_word' id='word_1_202' title='bbox 860 2594 983 2670; x_wconf 85' lang='lat' dir='ltr'>existit,</span> <span class='ocrx_word' id='word_1_203' title='bbox 1004 2593 1104 2656; x_wconf 89' lang='lat' dir='ltr'>fuisse</span> <span class='ocrx_word' id='word_1_204' title='bbox 1128 2598 1163 2657; x_wconf 92' lang='lat' dir='ltr'>et</span> <span class='ocrx_word' id='word_1_205' title='bbox 1187 2614 1256 2655; x_wconf 89' lang='lat' dir='ltr'>esse</span> <span class='ocrx_word' id='word_1_206' title='bbox 1341 2579 1349 2604; x_wconf 85' lang='lat'>’</span> 
     </span>
     <span class='ocr_line' id='line_1_25' title="bbox 109 2687 1305 2771; baseline 0.001 -21"><span class='ocrx_word' id='word_1_207' title='bbox 109 2690 241 2751; x_wconf 93' lang='lat' dir='ltr'>solitum</span> <span class='ocrx_word' id='word_1_208' title='bbox 266 2688 307 2749; x_wconf 91' lang='lat' dir='ltr'>ad</span> <span class='ocrx_word' id='word_1_209' title='bbox 329 2689 438 2749; x_wconf 91' lang='lat' dir='ltr'>omnia</span> <span class='ocrx_word' id='word_1_210' title='bbox 460 2694 533 2749; x_wconf 91' lang='lat' dir='ltr'>acta</span> <span class='ocrx_word' id='word_1_211' title='bbox 547 2688 738 2771; x_wconf 90' lang='lat' dir='ltr'>capitularia</span> <span class='ocrx_word' id='word_1_212' title='bbox 753 2692 903 2750; x_wconf 89' lang='lat' dir='ltr'>vocatum</span> <span class='ocrx_word' id='word_1_213' title='bbox 928 2689 1012 2751; x_wconf 86' lang='lat' dir='ltr'>siout</span> <span class='ocrx_word' id='word_1_214' title='bbox 1033 2690 1141 2751; x_wconf 85' lang='lat' dir='ltr'>caeteri</span> <span class='ocrx_word' id='word_1_215' title='bbox 1163 2710 1258 2751; x_wconf 90' lang='lat' dir='ltr'>cano-</span> <span class='ocrx_word' id='word_1_216' title='bbox 1302 2687 1305 2691; x_wconf 46' lang='lat'><strong>⁴</strong></span> 
     </span>
     <span class='ocr_line' id='line_1_26' title="bbox 107 2782 1258 2865; baseline 0.003 -21"><span class='ocrx_word' id='word_1_217' title='bbox 107 2785 174 2844; x_wconf 91' lang='lat' dir='ltr'>nici</span> <span class='ocrx_word' id='word_1_218' title='bbox 189 2789 223 2845; x_wconf 89' lang='lat' dir='ltr'>et</span> <span class='ocrx_word' id='word_1_219' title='bbox 244 2782 455 2864; x_wconf 85' lang='lat' dir='ltr'>praebendarii</span> <span class='ocrx_word' id='word_1_220' title='bbox 475 2782 623 2865; x_wconf 88' lang='lat' dir='ltr'>ejusdem</span> <span class='ocrx_word' id='word_1_221' title='bbox 643 2783 795 2860; x_wconf 75' lang='lat' dir='ltr'>ecclesiae,</span> <span class='ocrx_word' id='word_1_222' title='bbox 809 2804 846 2844; x_wconf 89' lang='lat' dir='ltr'>ac</span> <span class='ocrx_word' id='word_1_223' title='bbox 868 2784 967 2845; x_wconf 89' lang='lat' dir='ltr'>etiam</span> <span class='ocrx_word' id='word_1_224' title='bbox 989 2783 1089 2845; x_wconf 88' lang='lat' dir='ltr'>fuisse</span> <span class='ocrx_word' id='word_1_225' title='bbox 1110 2804 1169 2865; x_wconf 91' lang='lat' dir='ltr'>pro</span> <span class='ocrx_word' id='word_1_226' title='bbox 1191 2805 1258 2847; x_wconf 90' lang='lat' dir='ltr'>nno</span> 
     </span>
     <span class='ocr_line' id='line_1_27' title="bbox 108 2876 1258 2960; baseline 0.002 -19"><span class='ocrx_word' id='word_1_227' title='bbox 108 2880 149 2941; x_wconf 93' lang='lat' dir='ltr'>de</span> <span class='ocrx_word' id='word_1_228' title='bbox 164 2879 306 2960; x_wconf 89' lang='lat' dir='ltr'>capitulo</span> <span class='ocrx_word' id='word_1_229' title='bbox 323 2880 425 2960; x_wconf 91' lang='lat' dir='ltr'>ipsius</span> <span class='ocrx_word' id='word_1_230' title='bbox 448 2880 591 2941; x_wconf 87' lang='lat' dir='ltr'>ecclesiae</span> <span class='ocrx_word' id='word_1_231' title='bbox 613 2876 814 2960; x_wconf 89' lang='lat' dir='ltr'>reputatum,</span> <span class='ocrx_word' id='word_1_232' title='bbox 828 2876 1060 2940; x_wconf 90' lang='lat' dir='ltr'>nichilominus</span> <span class='ocrx_word' id='word_1_233' title='bbox 1085 2883 1197 2942; x_wconf 87' lang='lat' dir='ltr'>tamen</span> <span class='ocrx_word' id='word_1_234' title='bbox 1218 2901 1258 2943; x_wconf 89' lang='lat' dir='ltr'>ex</span> 
     </span>
     <span class='ocr_line' id='line_1_28' title="bbox 108 2973 1257 3058; baseline 0.001 -20"><span class='ocrx_word' id='word_1_235' title='bbox 108 2975 238 3058; x_wconf 87' lang='lat' dir='ltr'>querela</span> <span class='ocrx_word' id='word_1_236' title='bbox 253 2975 364 3036; x_wconf 91' lang='lat' dir='ltr'>dilecti</span> <span class='ocrx_word' id='word_1_237' title='bbox 379 2975 414 3036; x_wconf 91' lang='lat' dir='ltr'>in</span> <span class='ocrx_word' id='word_1_238' title='bbox 430 2973 556 3038; x_wconf 88' lang='lat' dir='ltr'>Christo</span> <span class='ocrx_word' id='word_1_239' title='bbox 579 2974 640 3035; x_wconf 90' lang='lat' dir='ltr'>filii</span> <span class='ocrx_word' id='word_1_240' title='bbox 656 2974 821 3037; x_wconf 82' lang='lat' dir='ltr'>Cristoferi</span> <span class='ocrx_word' id='word_1_241' title='bbox 838 2974 941 3051; x_wconf 84' lang='lat' dir='ltr'>Seale,</span> <span class='ocrx_word' id='word_1_242' title='bbox 957 2975 1102 3036; x_wconf 86' lang='lat' dir='ltr'>canonici</span> <span class='ocrx_word' id='word_1_243' title='bbox 1117 2981 1153 3038; x_wconf 88' lang='lat' dir='ltr'>et</span> <span class='ocrx_word' id='word_1_244' title='bbox 1174 2997 1257 3058; x_wconf 88' lang='lat' dir='ltr'>prae·</span> 
     </span>
     <span class='ocr_line' id='line_1_29' title="bbox 107 3070 1257 3153; baseline -0.001 -18"><span class='ocrx_word' id='word_1_245' title='bbox 107 3071 255 3135; x_wconf 86' lang='lat' dir='ltr'>bendarii</span> <span class='ocrx_word' id='word_1_246' title='bbox 284 3071 325 3132; x_wconf 91' lang='lat' dir='ltr'>de</span> <span class='ocrx_word' id='word_1_247' title='bbox 357 3070 523 3153; x_wconf 85' lang='lat' dir='ltr'>Stangwig</span> <span class='ocrx_word' id='word_1_248' title='bbox 552 3071 710 3147; x_wconf 90' lang='lat' dir='ltr'>moderni,</span> <span class='ocrx_word' id='word_1_249' title='bbox 740 3071 833 3133; x_wconf 89' lang='lat' dir='ltr'>nobis</span> <span class='ocrx_word' id='word_1_250' title='bbox 863 3070 928 3132; x_wconf 90' lang='lat' dir='ltr'>fuit</span> <span class='ocrx_word' id='word_1_251' title='bbox 957 3070 1148 3132; x_wconf 89' lang='lat' dir='ltr'>intimatum</span> <span class='ocrx_word' id='word_1_252' title='bbox 1170 3071 1257 3152; x_wconf 92' lang='lat' dir='ltr'>quod</span> 
     </span>
     <span class='ocr_line' id='line_1_30' title="bbox 108 3165 1258 3248; baseline -0.003 -17"><span class='ocrx_word' id='word_1_253' title='bbox 108 3166 324 3231; x_wconf 81' lang='lat' dir='ltr'>Christoferus</span> <span class='ocrx_word' id='word_1_254' title='bbox 340 3166 490 3248; x_wconf 88' lang='lat' dir='ltr'>Dragley‚</span> <span class='ocrx_word' id='word_1_255' title='bbox 506 3188 546 3229; x_wconf 89' lang='lat' dir='ltr'>ex</span> <span class='ocrx_word' id='word_1_256' title='bbox 560 3167 651 3229; x_wconf 93' lang='lat' dir='ltr'>nulla</span> <span class='ocrx_word' id='word_1_257' title='bbox 668 3165 761 3248; x_wconf 88' lang='lat' dir='ltr'>justa</span> <span class='ocrx_word' id='word_1_258' title='bbox 776 3186 871 3227; x_wconf 90' lang='lat' dir='ltr'>causa</span> <span class='ocrx_word' id='word_1_259' title='bbox 885 3166 1007 3227; x_wconf 87' lang='lat' dir='ltr'>dictam</span> <span class='ocrx_word' id='word_1_260' title='bbox 1029 3167 1201 3247; x_wconf 91' lang='lat' dir='ltr'>antiquam</span> <span class='ocrx_word' id='word_1_261' title='bbox 1223 3170 1258 3228; x_wconf 91' lang='lat' dir='ltr'>et</span> 
     </span>
     <span class='ocr_line' id='line_1_31' title="bbox 107 3262 1259 3343; baseline -0.001 -19"><span class='ocrx_word' id='word_1_262' title='bbox 107 3262 302 3325; x_wconf 89' lang='lat' dir='ltr'>laudabilem</span> <span class='ocrx_word' id='word_1_263' title='bbox 318 3263 586 3324; x_wconf 88' lang='lat' dir='ltr'>consuetudinem</span> <span class='ocrx_word' id='word_1_264' title='bbox 601 3267 724 3324; x_wconf 89' lang='lat' dir='ltr'>temere</span> <span class='ocrx_word' id='word_1_265' title='bbox 739 3262 872 3338; x_wconf 89' lang='lat' dir='ltr'>violans,</span> <span class='ocrx_word' id='word_1_266' title='bbox 887 3281 997 3324; x_wconf 93' lang='lat' dir='ltr'>omnes</span> <span class='ocrx_word' id='word_1_267' title='bbox 1020 3265 1110 3323; x_wconf 89' lang='lat' dir='ltr'>actus</span> <span class='ocrx_word' id='word_1_268' title='bbox 1133 3263 1259 3343; x_wconf 90' lang='lat' dir='ltr'>capitu·</span> 
     </span>
     <span class='ocr_line' id='line_1_32' title="bbox 107 3356 1258 3440; baseline -0.002 -19"><span class='ocrx_word' id='word_1_269' title='bbox 107 3360 190 3421; x_wconf 91' lang='lat' dir='ltr'>lares</span> <span class='ocrx_word' id='word_1_270' title='bbox 205 3378 263 3440; x_wconf 91' lang='lat' dir='ltr'>per</span> <span class='ocrx_word' id='word_1_271' title='bbox 279 3378 311 3419; x_wconf 90' lang='lat' dir='ltr'>se</span> <span class='ocrx_word' id='word_1_272' title='bbox 327 3362 468 3435; x_wconf 90' lang='lat' dir='ltr'>tantum,</span> <span class='ocrx_word' id='word_1_273' title='bbox 483 3364 551 3418; x_wconf 90' lang='lat' dir='ltr'>tam</span> <span class='ocrx_word' id='word_1_274' title='bbox 574 3358 662 3419; x_wconf 89' lang='lat' dir='ltr'>dicto</span> <span class='ocrx_word' id='word_1_275' title='bbox 678 3356 873 3420; x_wconf 81' lang='lat' dir='ltr'>Christoiero</span> <span class='ocrx_word' id='word_1_276' title='bbox 896 3356 988 3419; x_wconf 85' lang='lat' dir='ltr'>Seale</span> <span class='ocrx_word' id='word_1_277' title='bbox 1011 3375 1110 3439; x_wconf 89' lang='lat' dir='ltr'>quam</span> <span class='ocrx_word' id='word_1_278' title='bbox 1132 3358 1258 3419; x_wconf 86' lang='lat' dir='ltr'>caeteris</span> 
     </span>
     <span class='ocr_line' id='line_1_33' title="bbox 108 3453 1258 3536; baseline 0 -20"><span class='ocrx_word' id='word_1_279' title='bbox 108 3454 269 3516; x_wconf 90' lang='lat' dir='ltr'>canonicis</span> <span class='ocrx_word' id='word_1_280' title='bbox 293 3454 388 3514; x_wconf 84' lang='lat' dir='ltr'>dictae</span> <span class='ocrx_word' id='word_1_281' title='bbox 414 3454 555 3515; x_wconf 86' lang='lat' dir='ltr'>ecclesiae</span> <span class='ocrx_word' id='word_1_282' title='bbox 578 3454 774 3536; x_wconf 87' lang='lat' dir='ltr'>contemptis</span> <span class='ocrx_word' id='word_1_283' title='bbox 796 3457 832 3515; x_wconf 91' lang='lat' dir='ltr'>et</span> <span class='ocrx_word' id='word_1_284' title='bbox 852 3473 920 3514; x_wconf 93' lang='lat' dir='ltr'>non</span> <span class='ocrx_word' id='word_1_285' title='bbox 934 3453 1066 3530; x_wconf 88' lang='lat' dir='ltr'>vocatis,</span> <span class='ocrx_word' id='word_1_286' title='bbox 1081 3456 1200 3515; x_wconf 89' lang='lat' dir='ltr'>tractat</span> <span class='ocrx_word' id='word_1_287' title='bbox 1223 3458 1258 3516; x_wconf 86' lang='lat' dir='ltr'>et</span> 
     </span>
     <span class='ocr_line' id='line_1_34' title="bbox 107 3545 1258 3632; baseline 0 -20"><span class='ocrx_word' id='word_1_288' title='bbox 107 3550 251 3632; x_wconf 86' lang='lat' dir='ltr'>expedit,</span> <span class='ocrx_word' id='word_1_289' title='bbox 265 3550 301 3610; x_wconf 93' lang='lat' dir='ltr'>in</span> <span class='ocrx_word' id='word_1_290' title='bbox 316 3549 409 3610; x_wconf 89' lang='lat' dir='ltr'>dictae</span> <span class='ocrx_word' id='word_1_291' title='bbox 425 3549 567 3610; x_wconf 89' lang='lat' dir='ltr'>ecclesiae</span> <span class='ocrx_word' id='word_1_292' title='bbox 582 3569 678 3631; x_wconf 86' lang='lat' dir='ltr'>grave</span> <span class='ocrx_word' id='word_1_293' title='bbox 701 3549 881 3630; x_wconf 87' lang='lat' dir='ltr'>dampnum</span> <span class='ocrx_word' id='word_1_294' title='bbox 898 3553 931 3610; x_wconf 91' lang='lat' dir='ltr'>et</span> <span class='ocrx_word' id='word_1_295' title='bbox 951 3547 1053 3628; x_wconf 91' lang='lat' dir='ltr'>ipsius</span> <span class='ocrx_word' id='word_1_296' title='bbox 1068 3545 1258 3612; x_wconf 84' lang='lat' dir='ltr'>Christoferi</span> 
     </span>
     <span class='ocr_line' id='line_1_35' title="bbox 109 3643 1258 3725; baseline 0 -18"><span class='ocrx_word' id='word_1_297' title='bbox 109 3646 201 3708; x_wconf 86' lang='lat' dir='ltr'>Seale</span> <span class='ocrx_word' id='word_1_298' title='bbox 217 3650 252 3706; x_wconf 91' lang='lat' dir='ltr'>et</span> <span class='ocrx_word' id='word_1_299' title='bbox 266 3644 403 3706; x_wconf 89' lang='lat' dir='ltr'>aliorum</span> <span class='ocrx_word' id='word_1_300' title='bbox 425 3645 649 3705; x_wconf 90' lang='lat' dir='ltr'>canonicorum</span> <span class='ocrx_word' id='word_1_301' title='bbox 665 3643 759 3705; x_wconf 86' lang='lat' dir='ltr'>dictae</span> <span class='ocrx_word' id='word_1_302' title='bbox 782 3644 923 3706; x_wconf 88' lang='lat' dir='ltr'>ecclesiae</span> <span class='ocrx_word' id='word_1_303' title='bbox 944 3643 1168 3725; x_wconf 75' lang='lat' dir='ltr'>praejudicium</span> <span class='ocrx_word' id='word_1_304' title='bbox 1191 3665 1258 3707; x_wconf 93' lang='lat' dir='ltr'>non</span> 
     </span>
     <span class='ocr_line' id='line_1_36' title="bbox 108 3740 1256 3822; baseline 0 -19"><span class='ocrx_word' id='word_1_305' title='bbox 108 3742 272 3803; x_wconf 91' lang='lat' dir='ltr'>modicum</span> <span class='ocrx_word' id='word_1_306' title='bbox 299 3745 334 3802; x_wconf 94' lang='lat' dir='ltr'>et</span> <span class='ocrx_word' id='word_1_307' title='bbox 355 3760 541 3822; x_wconf 88' lang='lat' dir='ltr'>gravamen,</span> <span class='ocrx_word' id='word_1_308' title='bbox 563 3740 650 3801; x_wconf 91' lang='lat' dir='ltr'>unde</span> <span class='ocrx_word' id='word_1_309' title='bbox 677 3760 746 3815; x_wconf 91' lang='lat' dir='ltr'>nos,</span> <span class='ocrx_word' id='word_1_310' title='bbox 773 3740 924 3802; x_wconf 87' lang='lat' dir='ltr'>scrutatis</span> <span class='ocrx_word' id='word_1_311' title='bbox 950 3740 1095 3822; x_wconf 88' lang='lat' dir='ltr'>registris</span> <span class='ocrx_word' id='word_1_312' title='bbox 1118 3746 1153 3803; x_wconf 88' lang='lat' dir='ltr'>et</span> <span class='ocrx_word' id='word_1_313' title='bbox 1173 3742 1256 3803; x_wconf 86' lang='lat' dir='ltr'>actis</span> 
     </span>
     <span class='ocr_line' id='line_1_37' title="bbox 107 3835 1267 3919; baseline -0.001 -20"><span class='ocrx_word' id='word_1_314' title='bbox 107 3836 340 3919; x_wconf 90' lang='lat' dir='ltr'>capitularibus</span> <span class='ocrx_word' id='word_1_315' title='bbox 356 3836 450 3897; x_wconf 86' lang='lat' dir='ltr'>dictae</span> <span class='ocrx_word' id='word_1_316' title='bbox 467 3836 619 3912; x_wconf 86' lang='lat' dir='ltr'>ecclesiae,</span> <span class='ocrx_word' id='word_1_317' title='bbox 635 3837 746 3917; x_wconf 87' lang='lat' dir='ltr'>eisque</span> <span class='ocrx_word' id='word_1_318' title='bbox 760 3856 820 3917; x_wconf 89' lang='lat' dir='ltr'>per</span> <span class='ocrx_word' id='word_1_319' title='bbox 842 3855 900 3896; x_wconf 89' lang='lat' dir='ltr'>nos</span> <span class='ocrx_word' id='word_1_320' title='bbox 923 3835 1099 3917; x_wconf 88' lang='lat' dir='ltr'>diligenter</span> <span class='ocrx_word' id='word_1_321' title='bbox 1121 3837 1199 3898; x_wconf 90' lang='lat' dir='ltr'>visis</span> <span class='ocrx_word' id='word_1_322' title='bbox 1222 3843 1267 3898; x_wconf 86' lang='lat' dir='ltr'>et·</span> 
     </span>
     <span class='ocr_line' id='line_1_38' title="bbox 107 3926 1256 4012; baseline -0.001 -19"><span class='ocrx_word' id='word_1_323' title='bbox 107 3932 297 4007; x_wconf 88' lang='lat' dir='ltr'>intellectis,</span> <span class='ocrx_word' id='word_1_324' title='bbox 327 3931 555 3993; x_wconf 87' lang='lat' dir='ltr'>consuetudini</span> <span class='ocrx_word' id='word_1_325' title='bbox 586 3932 729 4012; x_wconf 88' lang='lat' dir='ltr'>antiquae</span> <span class='ocrx_word' id='word_1_326' title='bbox 759 3931 855 3992; x_wconf 83' lang='lat' dir='ltr'>dictae</span> <span class='ocrx_word' id='word_1_327' title='bbox 882 3928 1024 3991; x_wconf 82' lang='lat' dir='ltr'>ecclesiae</span> <span class='ocrx_word' id='word_1_328' title='bbox 1050 3926 1256 4007; x_wconf 71' lang='lat' dir='ltr'>inhaerentes,</span> 
     </span>
     <span class='ocr_line' id='line_1_39' title="bbox 108 4022 1258 4110; baseline -0.002 -21"><span class='ocrx_word' id='word_1_329' title='bbox 108 4027 242 4110; x_wconf 89' lang='lat' dir='ltr'>praefato</span> <span class='ocrx_word' id='word_1_330' title='bbox 266 4026 461 4090; x_wconf 82' lang='lat' dir='ltr'>Christofero</span> <span class='ocrx_word' id='word_1_331' title='bbox 484 4026 624 4108; x_wconf 68' lang='lat' dir='ltr'>Dragle)⁷</span> <span class='ocrx_word' id='word_1_332' title='bbox 640 4032 675 4087; x_wconf 91' lang='lat' dir='ltr'>et</span> <span class='ocrx_word' id='word_1_333' title='bbox 698 4027 823 4087; x_wconf 86' lang='lat' dir='ltr'>caeteris</span> <span class='ocrx_word' id='word_1_334' title='bbox 849 4025 1010 4086; x_wconf 89' lang='lat' dir='ltr'>canonicis</span> <span class='ocrx_word' id='word_1_335' title='bbox 1034 4022 1181 4105; x_wconf 86' lang='lat' dir='ltr'>ejusdem</span> <span class='ocrx_word' id='word_1_336' title='bbox 1205 4046 1258 4087; x_wconf 62' lang='lat' dir='ltr'>ec*</span> 
     </span>
     <span class='ocr_line' id='line_1_40' title="bbox 108 4119 1431 4204; baseline -0.003 -18"><span class='ocrx_word' id='word_1_337' title='bbox 108 4123 215 4186; x_wconf 87' lang='lat' dir='ltr'>clesiae</span> <span class='ocrx_word' id='word_1_338' title='bbox 237 4123 456 4185; x_wconf 89' lang='lat' dir='ltr'>residentibus</span> <span class='ocrx_word' id='word_1_339' title='bbox 471 4122 675 4204; x_wconf 84' lang='lat' dir='ltr'>injungimus</span> <span class='ocrx_word' id='word_1_340' title='bbox 698 4125 733 4182; x_wconf 90' lang='lat' dir='ltr'>et</span> <span class='ocrx_word' id='word_1_341' title='bbox 755 4120 949 4182; x_wconf 87' lang='lat' dir='ltr'>mandamus</span> <span class='ocrx_word' id='word_1_342' title='bbox 971 4139 1012 4181; x_wconf 91' lang='lat' dir='ltr'>ne</span> <span class='ocrx_word' id='word_1_343' title='bbox 1034 4119 1104 4200; x_wconf 93' lang='lat' dir='ltr'>ipse</span> <span class='ocrx_word' id='word_1_344' title='bbox 1127 4124 1185 4181; x_wconf 90' lang='lat' dir='ltr'>aut</span> <span class='ocrx_word' id='word_1_345' title='bbox 1206 4121 1257 4182; x_wconf 94' lang='lat' dir='ltr'>illi</span> <span class='ocrx_word' id='word_1_346' title='bbox 1279 4131 1431 4182; x_wconf 77' lang='lat' dir='ltr'>whontobe</span> 
     </span>
     <span class='ocr_line' id='line_1_41' title="bbox 107 4192 1406 4308; baseline -0.002 -28"><span class='ocrx_word' id='word_1_347' title='bbox 107 4220 234 4300; x_wconf 90' lang='lat' dir='ltr'>aliquos</span> <span class='ocrx_word' id='word_1_348' title='bbox 264 4223 355 4280; x_wconf 91' lang='lat' dir='ltr'>actus</span> <span class='ocrx_word' id='word_1_349' title='bbox 382 4218 574 4300; x_wconf 89' lang='lat' dir='ltr'>capitulares</span> <span class='ocrx_word' id='word_1_350' title='bbox 605 4220 726 4278; x_wconf 90' lang='lat' dir='ltr'>tractet</span> <span class='ocrx_word' id='word_1_351' title='bbox 755 4221 814 4277; x_wconf 88' lang='lat' dir='ltr'>aut</span> <span class='ocrx_word' id='word_1_352' title='bbox 844 4218 996 4290; x_wconf 87' lang='lat' dir='ltr'>tractent,</span> <span class='ocrx_word' id='word_1_353' title='bbox 1022 4213 1173 4295; x_wconf 89' lang='lat' dir='ltr'>expediat</span> <span class='ocrx_word' id='word_1_354' title='bbox 1198 4219 1257 4277; x_wconf 88' lang='lat' dir='ltr'>aut</span> <span class='ocrx_word' id='word_1_355' title='bbox 1280 4192 1406 4308; x_wconf 51' lang='grc' dir='ltr'>ξζὲξζῗξξᾶ</span> 
     </span>
     <span class='ocr_line' id='line_1_42' title="bbox 108 4308 1395 4397; baseline -0.002 -22"><span class='ocrx_word' id='word_1_356' title='bbox 108 4315 293 4397; x_wconf 88' lang='lat' dir='ltr'>expediant,</span> <span class='ocrx_word' id='word_1_357' title='bbox 307 4315 371 4375; x_wconf 88' lang='lat' dir='ltr'>nisi</span> <span class='ocrx_word' id='word_1_358' title='bbox 386 4315 538 4375; x_wconf 87' lang='lat' dir='ltr'>canonico</span> <span class='ocrx_word' id='word_1_359' title='bbox 554 4318 589 4374; x_wconf 90' lang='lat' dir='ltr'>et</span> <span class='ocrx_word' id='word_1_360' title='bbox 603 4310 823 4394; x_wconf 86' lang='lat' dir='ltr'>praebendario</span> <span class='ocrx_word' id='word_1_361' title='bbox 838 4311 878 4372; x_wconf 91' lang='lat' dir='ltr'>de</span> <span class='ocrx_word' id='word_1_362' title='bbox 895 4308 1061 4392; x_wconf 81' lang='lat' dir='ltr'>Stangwig</span> <span class='ocrx_word' id='word_1_363' title='bbox 1082 4327 1118 4369; x_wconf 89' lang='lat' dir='ltr'>ac</span> <span class='ocrx_word' id='word_1_364' title='bbox 1133 4309 1257 4372; x_wconf 86' lang='lat' dir='ltr'>caeteris</span> <span class='ocrx_word' id='word_1_365' title='bbox 1280 4309 1342 4354; x_wconf 79' lang='lat' dir='ltr'>with</span> <span class='ocrx_word' id='word_1_366' title='bbox 1353 4309 1395 4356; x_wconf 68' lang='lat'>¹¹¹0</span> 
     </span>
    </p>
   </div>
   <div class='ocr_carea' id='block_1_3' title="bbox 108 4370 1336 4492">
    <p class='ocr_par' dir='ltr' id='par_1_8' title="bbox 108 4370 1336 4492">
     <span class='ocr_line' id='line_1_43' title="bbox 108 4370 1336 4492; baseline -0.005 -18"><span class='ocrx_word' id='word_1_367' title='bbox 108 4410 270 4474; x_wconf 89' lang='lat' dir='ltr'>canonicis</span> <span class='ocrx_word' id='word_1_368' title='bbox 285 4415 319 4472; x_wconf 90' lang='lat' dir='ltr'>et</span> <span class='ocrx_word' id='word_1_369' title='bbox 334 4410 562 4492; x_wconf 85' lang='lat' dir='ltr'>praebendariis</span> <span class='ocrx_word' id='word_1_370' title='bbox 578 4407 725 4491; x_wconf 88' lang='lat' dir='ltr'>ejusdem</span> <span class='ocrx_word' id='word_1_371' title='bbox 741 4407 884 4469; x_wconf 85' lang='lat' dir='ltr'>ecclesiae</span> <span class='ocrx_word' id='word_1_372' title='bbox 904 4404 984 4466; x_wconf 88' lang='lat' dir='ltr'>licet</span> <span class='ocrx_word' id='word_1_373' title='bbox 1004 4424 1071 4466; x_wconf 91' lang='lat' dir='ltr'>non</span> <span class='ocrx_word' id='word_1_374' title='bbox 1085 4396 1258 4469; x_wconf 89' lang='lat' dir='ltr'>residenti·</span> <span class='ocrx_word' id='word_1_375' title='bbox 1281 4370 1336 4416; x_wconf 73' lang='lat' dir='ltr'>rest</span> 
     </span>
    </p>
   </div>
   <div class='ocr_carea' id='block_1_4' title="bbox 0 0 1542 5032">
    <p class='ocr_par' dir='ltr' id='par_1_9' title="bbox 0 0 1542 5032">
     <span class='ocr_line' id='line_1_44' title="bbox 0 0 1542 5032; baseline 0 0"><span class='ocrx_word' id='word_1_376' title='bbox 0 0 1542 5032; x_wconf 95' lang='lat' dir='ltr'> </span> 
     </span>
    </p>
   </div>
  </div>
 </body>
</html>
