3074 5032
260 346 916 412 11111110101101110111111010111110;
944 349 1097 402 1111101.
1262 339 1265 346 “
1356 329 1427 401 113

93 515 281 598 jurisdiccio
304 516 480 598 spiritualis
507 516 610 598 qualis
635 561 642 578 .
667 561 675 577 .
701 561 708 578 .
733 515 909 578 Ordinariis
940 517 1084 579 locorum
1107 518 1148 578 de
1174 517 1250 599 jure
1277 526 1380 597 Μοςιίοἰο

97 613 262 673 communi
286 613 321 673 in
347 615 412 673 suis
439 612 579 673 subditis
604 614 762 693 competit
787 613 975 691 exercenda,
999 614 1034 673 in
1059 614 1185 674 vicariis
1214 619 1250 674 et
1276 585 1392 702 mii„

97 709 170 770 aliis
186 705 344 769 ministris
361 708 502 769 ecclesiae
517 714 635 768 nostrae
647 708 823 789 praedictae,
838 709 964 771 racione
979 709 1173 770 delictorum
1190 730 1249 770 seu
1275 702 1417 806 ffatim

95 799 446 888 contraven(ien)cium
468 803 656 884 ubicunque
678 803 715 864 in
738 804 816 865 villa
830 803 946 884 Ripon'
971 825 1027 866 seu
1050 810 1150 882 extra,
1165 805 1250 866 infra
1270 777 1427 891 1001111...

95 904 240 961 nostram
251 899 415 960 dioecesim
431 899 673 960 commissorum
688 904 746 960 aut
761 900 929 977 initorum,
939 920 1075 981 quorum
1091 902 1247 983 cognicio,
1274 879 1426 982 qqpcqlnqrm

96 993 163 1080 (01)
185 994 372 1056 reformacio
403 995 443 1056 ad
478 995 679 1075 spiritualem
697 993 962 1076 jurisdiccionem
986 999 1127 1076 spectare
1142 997 1249 1058 'dino-
1273 995 1345 1042 ntor.
1399 1053 1401 1058 ,

101 1093 211 1167 scitur,
227 1091 268 1152 ad
292 1111 351 1152 nos
374 1096 407 1152 01
419 1092 583 1152 ministros
598 1096 723 1152 nostros
738 1092 870 1152 nomine
885 1096 995 1153 nostro
1017 1093 1058 1153 de
1073 1093 1161 1154 dicto
1174 1093 1250 1177 jure

95 1187 259 1247 communi
279 1189 441 1266 pertineat
462 1192 496 1247 01
516 1186 633 1248 debeat
647 1187 819 1266 pertinere,
834 1186 1053 1269 fuerimusque
1076 1192 1111 1249 01
1135 1190 1246 1265 simuS,

96 1289 131 1345 ct
146 1282 268 1344 fuerint
286 1283 416 1343 nomine
436 1288 546 1343 nostro
568 1287 603 1343 et
627 1283 693 1342 sint
717 1283 796 1343 dicti
818 1283 960 1343 ministri
985 1284 1087 1344 nostri
1110 1304 1146 1346 ac
1164 1305 1246 1365 prae-

97 1379 279 1440 decessores
294 1379 406 1453 nostri,
423 1398 536 1439 omnes
559 1382 593 1438 01
617 1377 738 1461 singuli
753 1378 809 1458 qui
824 1397 882 1458 pro
898 1384 1044 1458 tempore
1059 1379 1194 1456 fuerint,
1210 1381 1245 1440 in

95 1474 203 1555 plena,
227 1473 368 1554 pacifica,
396 1475 557 1551 canonica,
584 1477 619 1534 01
644 1473 816 1534 sufficienti
842 1476 1053 1555 possessione,
1075 1476 1127 1537 vel
1155 1477 1247 1557 quasi

88 1569 174 1651 juris
199 1568 386 1650 hujusmodi
408 1569 673 1651 jurisdiccionem
697 1573 842 1630 nostram
866 1574 901 1631 et
926 1591 1017 1632 suam
1041 1572 1077 1632 in
1103 1571 1180 1633 locis
1212 1580 1247 1634 et

92 1667 236 1747 personis
258 1665 420 1746 praedictis
444 1665 595 1749 legitime
620 1666 784 1726 exercenti
798 1685 817 1726 a
832 1669 976 1746 tempore
993 1671 1026 1728 et
1041 1688 1099 1748 per
1114 1672 1244 1748 tempus

93 1760 187 1843 cujus
202 1762 354 1822 contrarii
369 1763 524 1822 memoria
538 1782 603 1822 non
625 1762 746 1837 existit,
762 1761 873 1822 audito
889 1770 1000 1822 tamen
1016 1774 1050 1823 et
1065 1762 1244 1841 intellecto,

92 1857 179 1939 quod
195 1878 249 1918 vos
263 1862 321 1918 aut
337 1865 480 1919 vestrum
495 1857 611 1939 aliquae
633 1858 811 1940 singulares
826 1878 981 1937 personae,
996 1857 1048 1919 vel
1064 1859 1247 1920 saltim-alii

91 1954 223 2014 nomine
248 1957 364 2029 vestro,
383 1953 647 2033 jurisdiccionem
679 1957 832 2029 nostram,
855 1953 896 2013 de
928 1973 991 2034 qua
1022 1954 1246 2034 praemittitur,

92 2047 292 2130 perturbare,
310 2048 445 2124 auferre,
461 2048 513 2109 vel
539 2048 646 2108 saltim
671 2049 754 2108 circa
778 2067 850 2108 eam
874 2048 967 2109 nohis
990 2049 1112 2131 grande
1134 2069 1247 2130 parare

93 2143 329 2226 praejudicium,
356 2145 503 2205 nitimini
533 2144 638 2204 indies
670 2164 726 2204 seu
756 2144 921 2221 nituntur,
945 2145 980 2204 in
1011 2149 1114 2206 status
1144 2145 1246 2206 vestri

94 2260 191 2323 grave
215 2239 408 2320 periculum,
431 2240 597 2320 nostrique
624 2244 859 2319 contemptum,
885 2245 919 2302 et
945 2240 1151 2302 subditarum
1176 2241 1247 2302 ani·

95 2357 222 2397 marum
244 2335 368 2418 grande
391 2336 610 2416 dispendium,
625 2334 804 2395 multorum
819 2355 946 2416 quoque
964 2335 1085 2398 Christi
1100 2335 1247 2398 fidelium

95 2433 311 2514 perniciosum
338 2432 545 2512 exemplum3
576 2430 666 2491 vobis
690 2435 803 2491 tenore
827 2432 1039 2511 praesencium
1062 2433 1098 2493 in
1123 2433 1247 2494 virtute

95 2532 213 2588 sanctae
228 2527 423 2589 obedienciae
438 2525 642 2608 injungimus
666 2532 700 2586 et
715 2520 925 2602 mandamus,
941 2547 995 2587 vos
1013 2525 1246 2589 nichilominus

94 2627 265 2684 monentes
289 2629 324 2684 01
346 2624 381 2682 in
397 2622 536 2683 Domino
552 2619 770 2697 exhortantes
786 2623 938 2702 quatinus
961 2628 996 2683 in
1018 2624 1163 2703 personis
1178 2624 1246 2684 dic-

93 2723 202 2781 torum
219 2719 408 2780 vicariorum
424 2722 458 2778 et
472 2717 696 2778 ministrorum
712 2737 769 2778 seu
786 2717 923 2779 aliorum
947 2718 1150 2780 subditorum
1172 2740 1248 2780 nos-

93 2820 218 2876 trorum
244 2812 346 2875 nichil
372 2817 484 2874 contra
506 2811 769 2893 jurisdiccionem
793 2817 936 2874 nostram
960 2815 1164 2895 attemptetis
1188 2835 1246 2876 seu
1308 2806 1310 2811 ’

93 2912 282 2992 attemptari
309 2910 445 2985 faciatis,
470 2929 530 2970 nec
555 2909 670 2990 aliquis
696 2908 869 2992 singularis
893 2930 1030 2990 persona
1051 2917 1246 2992 attemptare
1270 2919 1320 2966 Not
1329 2921 1394 2967 tobe

94 3013 280 3090 praesumat,
297 3006 356 3068 sub
372 3026 467 3086 poena
483 3005 826 3066 excommunicacionis
848 3003 990 3086 majoris,
1005 3026 1103 3086 quam
1125 3007 1161 3088 in
1174 3027 1248 3089 per·
1271 2981 1406 3096 fflffi‘}

95 3123 187 3165 sonas
204 3102 407 3185 singulorum
418 3101 752 3181 ,contraveniencium
769 3106 803 3160 et
818 3107 930 3162 contra
945 3099 1029 3182 juris
1045 3102 1246 3184 exigenciam
1271 3095 1416 3200 {2333

90 3197 355 3280 jurisdiccionem
370 3201 514 3258 nostram
537 3194 723 3277 hujusmodi
746 3215 901 3276 usurpare
918 3196 1151 3278 satagencium,
1166 3197 1248 3279 legi·
1272 3213 1383 3259 noanon.

94 3295 184 3356 timis
222 3293 456 3355 monicionibus
493 3291 668 3373 praemissis
704 3290 896 3371 proferimus
936 3292 971 3351 in
1008 3288 1073 3352 hiis
1108 3293 1247 3373 scriptis,

96 3393 235 3452 scientes
258 3390 343 3472 quod
360 3391 387 3451 si
402 3387 589 3471 hujusmodi
604 3388 722 3448 nostris
737 3387 870 3448 monitis
887 3391 920 3449 et
935 3387 1096 3449 mandatis
1112 3389 1247 3450 minime

94 3487 278 3569 parueritis,
305 3490 416 3547 contra
446 3505 502 3546 vos
532 3488 567 3544 01
597 3503 824 3565 quamcunque
851 3481 1049 3566 singularem
1078 3503 1247 3566 personam

95 3583 242 3646 indebite
266 3583 458 3658 renitentes,
474 3580 515 3641 ad
530 3599 640 3660 poenas
666 3579 827 3663 graviores
849 3579 1022 3662 procedere
1045 3579 1247 3643 intendimus

94 3679 129 3739 in
154 3682 284 3755 eventu,
309 3681 469 3759 quatenus
493 3675 646 3736 canonica
671 3676 879 3755 permiserint
901 3663 1065 3752 instituta,
1091 3680 1126 3736 et
1152 3697 1248 3758 super

93 3775 296 3856 porreccione
321 3772 533 3855 praesencium
558 3770 648 3831 vobis
677 3769 826 3832 facienda
856 3771 975 3832 nuncio
1005 3777 1115 3832 nostro
1138 3771 1248 3853 jurato

94 3869 189 3931 latori
219 3868 432 3950 praesencium
465 3864 693 3927 adhibebimus
723 3866 853 3947 plenam
886 3865 994 3927 fidem.
1055 3865 1131 3927 Dat.
1161 3868 1248 3947 apud

96 3964 239 4042 Cawode,
270 3963 293 4046 ij
326 3963 410 4025 Non.
441 3961 573 4043 Aprilis,
604 3961 644 4021 Αο
675 3961 807 4022 Domini
839 3966 899 4022 etc.
930 3959 1055 4042 xxxiiij,
1085 3964 1120 4021 01
1157 3967 1247 4041 pont.

94 4063 198 4123 nostri
213 4061 303 4143 xvij¹'.

163 4255 359 4331 Willelmus,
369 4257 431 4314 010.
445 4252 562 4314 dilecto
579 4250 646 4311 filio
661 4249 819 4330 receptori
834 4254 944 4309 nostro
959 4248 1087 4329 Ripon‘,
1101 4249 1249 4328 salutem,
1275 4264 1318 4322 (40
1329 4265 1363 4317 υ.)

95 4353 250 4436 graciam,
266 4356 300 4411 et
323 4349 597 4411 benediccionem.
642 4345 759 4406 Libera
773 4342 942 4406 Willelmo
963 4344 1004 4405 de
1020 4342 1099 4407 Cliff
1119 4351 1154 4408 01
1176 4345 1249 4408 aliis
1273 4324 1401 4442 ligi&

95 4447 310 4509 familiaribus
334 4446 465 4522 nostris,
489 4443 572 4504 illud
599 4442 685 4524 quod
712 4441 774 4503 sibi
798 4440 899 4502 fuerit
929 4442 1146 4504 necessarium
1171 4443 1251 4505 dum

90 4563 92 4567 ⁴
165 4559 237 4605 von.
253 4558 288 4603 11.
671 4553 684 4597 1
