3074 5032
103 289 149 399 72
336 329 359 396 3
636 284 844 384 1111111111
869 317 914 369 11
939 318 1059 370 arnon

102 485 280 599 agapgoetop
278 478 385 542 ciones
401 486 435 544 11
451 483 663 546 obvenciones
686 483 849 565 recipiunt
870 506 908 547 ac
931 504 964 546 se
979 483 1216 565 quodammodo
1231 483 1272 544 de
1288 483 1428 564 spiritu·
1477 559 1479 561 ¹

102 545 253 648 {maniat
278 573 421 637 alibus
411 599 446 638 1n
448 582 650 655 tromittunt,
675 600 716 641 ex
744 578 862 660 quibus
889 578 991 642 honor
1017 579 1161 641 ecclesiae
1185 576 1369 642 detrahitur
1391 584 1428 642 et

278 671 492 735 scandalum
482 695 518 735 m
533 675 652 783 populo
663 678 857 783 generatur.
901 674 1033 736 Vobis'
1023 694 1059 735 1u
1082 675 1205 735 virtute
1228 672 1427 736 obedienciae

279 769 314 826 et
338 767 398 828 sub
412 789 507 849 poena
529 771 620 832 dist'
580 768 744 854 1111111111
767 771 928 831 canonicae
952 769 1089 830 firmiter
1110 767 1309 846 inhibemus,
1324 789 1366 830 ne
1389 770 1426 836 in

276 857 366 922 ¹dicta
382 858 516 926 ecclesia
530 866 572 926 de
594 870 712 927 caetero
734 863 805 925 fieri
820 865 1031 944 permittatis.
1076 865 1116 925 In
1137 863 1210 925 illos
1233 868 1346 925 autem
1370 865 1428 944 qui

279 958 394 1018 vestris
410 960 646 1021 monicionibus
661 964 696 1021 11
711 959 969 1021 exortacionibus
984 978 1096 1040 parere
1119 959 1376 1042 contempserint
1391 960 1427 1020 in

229 1096 230 1099 ,
279 1053 463 1132 praemissis,
479 1055 630 1116 canonice
653 1052 844 1116 cohercendi
867 1053 957 1116 vobis
979 1058 1093 1114 tenore
1117 1053 1329 1134 praesencium
1352 1074 1430 1114 con·

121 1166 123 1170 ·
165 1224 179 1227 ,.
199 1225 201 1227 g
218 1224 243 1227 ⁷.
278 1147 425 1212 cedimus
447 1153 656 1230 potestatem.
701 1149 828 1212 Valete.
873 1150 948 1211 Dat.
964 1148 1050 1230 apud
1066 1147 1229 1225 Muskam,
1244 1147 1296 1230 xvj
1315 1148 1424 1211 Kal’n.

280 1243 454 1306 Novembr.
500 1245 594 1306 Anno
608 1245 733 1326 ¹graciae
756 1245 898 1306 Μο1111110
928 1244 1127 1319 duodecim0,
1151 1247 1186 1304 11
1211 1247 1301 1324 pont.
1326 1245 1430 1306 nostri

281 1339 432 1420 septimo.

105 1482 178 1544 (111)
344 1466 540 1546 Willelmus,
578 1472 653 1544 etc,
684 1468 802 1529 dilecto
824 1467 892 1530 filio
915 1467 1041 1529 officiali
1063 1464 1278 1529 archidiaconi
1302 1464 1431 1549 Ryche·

44 1555 46 1558 ’
104 1541 232 1588 1111112.

103 1602 156 1649 oct
168 1601 204 1646 17.
280 1562 394 1640 mund,
405 1562 553 1639 salutem,
569 1569 632 1625 etc.
656 1565 755 1625 Facta
769 1583 874 1646 nuper
887 1564 1101 1645 inquisitione
1117 1563 1152 1623 in
1168 1561 1303 1633 ecclesia
1317 1567 1430 1625 nostra

104 1650 189 1727 Dara
280 1655 405 1738 Rypon'
434 1678 492 1739 per
514 1658 646 1720 clericos
669 1664 794 1720 nostros
818 1658 1005 1735 familiares,
1029 1658 1258 1720 auctoritatem
1280 1662 1427 1719 nostram

104 1739 229 1843 mm
281 1750 398 1814 adhoc
413 1750 580 1829 habentes,
597 1774 693 1835 super
715 1754 810 1814 certis
833 1753 977 1814 articulis
1001 1772 1096 1833 super
1118 1751 1236 1832 quibus
1257 1751 1431 1813 nonnullos

105 1858 155 1902 d're
155 1862 194 1901 cra
257 1921 259 1923 ι
281 1852 408 1909 nostros
424 1847 634 1930 parochianos
650 1848 815 1911 clamosa
805 1849 1028 1911 insinuacione
1051 1847 1273 1909 intelleximus
1289 1847 1432 1931 graviter

105 1914 244 2031 fflfrp
231 1987 258 2018 ro
282 1943 477 2021 diffamatos,
492 1945 579 2006 inter
595 1949 721 2021 caetera,
737 1949 788 2004 est
809 1949 1022 2052 compertum,
1038 1942 1125 2023 quod
1139 1942 1290 2004 dominus
1304 1941 1432 2002 Willel-

106 2032 219 2076 emensio
220 2045 247 2075 Μ
283 2059 356 2099 mus
371 2039 481 2101 Pistor
495 2040 535 2100 de
546 2039 680 2121 Rypon
692 2039 889 2120 capellanus,
901 2060 958 2120 qur
972 2039 1074 2100 ante
1065 2058 1169 2119 rpsam
1183 2037 1432 2118 inquisicionem

107 2089 151 2192 idi:
152 2089 220 2192 bin:
283 2133 402 2194 factam
417 2134 457 2195 de
470 2134 547 2196 villa
562 2133 687 2216 Rypou'
697 2135 841 2212 recessit,
853 2135 908 2195 et
899 2155 933 2194 rn
945 2132 1207 2195 archidiaconatu
1218 2131 1431 2240 Rychemond

106 2203 236 2323 ’,13ρῇἵῇῗῖ
283 2229 369 2309 apud
384 2229 600 2314 Aykesgarth,
616 2235 656 2291 111
678 2231 808 2308 dicitur,
823 2250 948 2291 moram
970 2227 1085 2306 trahit,
1100 2226 1164 2289 fuit
1180 2230 1330 2289 inventor
1344 2227 1435 2308 prin·

105 2346 204 2392 'rhein
283 2325 395 2406 cipalis
411 2325 578 2407 cujusdam
601 2327 672 2388 ludi
694 2327 841 2458 pestliferi
855 2332 890 2388 et
912 2346 932 2387 a
951 2325 1026 2407 jure
1048 2325 1222 2407 reprobati,
1239 2324 1346 2404 quiin
1361 2322 1434 2403 vul-

105 2398 258 2509 Ἔξξζζῇἷθξ,
284 2422 354 2504 3111
370 2421 489 2482 dicitur
498 2421 627 2503 Dynpet
628 2419 772 2504 bryft¹
721 2442 793 2484 aa·
784 2469 793 2498 ,
809 2423 866 2530 qui
881 2423 984 2483 eciam
997 2440 1030 2482 se
1039 2420 1232 2503 magistrum
1241 2424 1275 2481 et
1284 2399 1435 2480 abbatem

56 2550 60 2555 ¹
130 2536 205 2582 1111
283 2516 373 2577 illius
388 2515 508 2577 ordinis
522 2516 644 2580 fecerat
666 2519 836 2595 nominari,
853 2522 888 2579 et
909 2537 967 2598 pro
983 2516 1042 2576 tali
1065 2536 1099 2577 se
1121 2515 1242 2598 gessit3
1265 2519 1300 2576 et
1322 2533 1435 2623 quarn-

107 2581 218 2642 chrysea.
284 2612 440 2693 plurimos
455 2616 524 2673 tam
547 2612 676 2675 clericos
692 2634 791 2695 quam
814 2613 911 2674 laicos
926 2612 1012 2693 apud
1028 2609 1153 2693 Rypon'
1167 2610 1224 2675 illo
1239 2610 1316 2671 ludo
1339 2610 1435 2673 noxio

283 2713 317 2769 et
331 2708 505 2816 dampnoso
520 2709 725 2790 quamplures
747 2708 950 2770 informando
964 2706 1006 2767 ad
1029 2706 1174 2767 enormia
1197 2725 1307 2767 secum
1320 2705 1431 2780 traxit,

174 2813 177 2818 “
283 2803 319 2863 in
334 2804 516 2864 animarum
528 2823 659 2866 suarum
670 2804 862 2885 periculum,
876 2803 1018 2884 clerique
1030 2801 1235 2883 opprobrium
1248 2804 1282 2862 et
1298 2799 1431 2861 scanda-

108 2898 239 2946 Hesus>
282 2898 353 2959 lum
367 2897 600 2972 manifestum
623 2899 772 2980 quodque
786 2897 875 2960 idem
889 2898 956 2958 Wil
956 2897 1075 2958 lelmus
1098 2895 1282 2957 diffamatus
1303 2896 1347 2958 sit
1361 2914 1436 2956 cum

108 2958 259 3063 blflgihhon-
289 2993 473 3057 Clemencia
502 2993 571 3054 filia
600 2993 758 3057 Johannis
789 2994 870 3056 dicti
898 2993 1011 3055 Preest
997 2996 1048 3053 tes
1072 2992 1113 3053 de
1139 2991 1274 3073 Ryponss
1300 2991 1341 3052 (11
1372 3009 1436 3097 qna

109 3076 215 3135 my·
287 3088 411 3171 prolem
441 3089 560 3150 dicitur
591 3090 771 3151 suscitasse.
822 3088 897 3149 Non
926 3087 1071 3149 valentes
1097 3087 1208 3167 itaque
1232 3089 1300 3146 tam
1326 3084 1437 3168 gravia

288 3186 480 3266 pertransire
496 3185 745 3247 conniventibus
768 3184 869 3246 oculis
891 3184 1080 3258 incorrecta,
1095 3179 1163 3242 haec
1179 3180 1268 3243 vobis
1283 3181 1436 3242 duximus

288 3281 523 3358 denuncianda,
539 3286 578 3343 ut
592 3282 632 3343 de
642 3281 816 3363 praemissis
825 3278 995 3360 praefatum
1006 3277 1209 3339 Willelmum
1221 3276 1436 3359 capellanum,

289 3376 316 3436 si
338 3373 424 3436 infra
445 3375 570 3436 dictum
596 3375 890 3438 archidiaconatum
914 3371 1125 3455 Rychemond
1147 3374 1302 3434 inventus
1324 3371 1437 3448 fuerit,

288 3469 374 3531 infra
387 3474 454 3531 tres
470 3489 598 3532 menses
614 3491 632 3532 a
647 3471 834 3552 recepcione
857 3469 1067 3551 praesenciam
1085 3468 1195 3530 debite
1210 3469 1388 3551 corrigatis,
1403 3474 1438 3531 et

108 3573 242 3621 111111-
287 3564 439 3641 eundem,
462 3565 646 3627 convictum
672 3565 724 3627 vel
749 3564 945 3641 confessum,
972 3563 1124 3625 canonice
1151 3563 1308 3644 puniatis,
1331 3582 1385 3639 ne,
1409 3564 1437 3624 si

109 3634 239 3737 ζζξᾞῇ
287 3659 493 3742 negligentes
508 3659 543 3720 in
559 3657 617 3722 hac
633 3666 724 3743 parte
740 3661 869 3724 fueritis
893 3661 945 3722 vel
961 3659 1099 3734 remissi,
1114 3678 1230 3720 manus
1245 3662 1371 3719 nostras
1393 3658 1435 3719 ad

108 3749 252 3859 {monz
286 3753 355 3816 haec
371 3755 545 3817 extendere
555 3776 611 3817 nos
621 3761 768 3837 oporteat
779 3756 899 3838 juxta'
885 3757 971 3839 Juris
983 3755 1183 3863 exigenciam
1194 3753 1434 3862 corrigendam

286 3850 501 3913 certificantes
531 3871 588 3912 nos
614 3871 709 3933 super
734 3850 800 3913 hiis
825 3872 896 3932 quae
922 3849 1101 3912 feceritis
1091 3870 1127 3910 1n
1151 3847 1211 3910 hac
1235 3852 1327 3929 parte
1354 3849 1439 3912 circa

287 3928 408 4009 festum
423 3946 664 4009 Purificacionis
680 3946 789 4008 Beatae
805 3946 917 4007 Mariae
939 3946 1086 4029 Virginis
1101 3965 1160 4026 per
1174 3950 1296 4006 vestras
1312 3944 1439 4006 clausas

287 4043 398 4104 literas
413 4063 486 4124 quae
508 4041 624 4103 harum
650 4042 765 4103 seriem
788 4045 1032 4123 repraesentent
1078 4039 1203 4101 Valete.
1248 4039 1324 4100 Dat.
1350 4040 1437 4120 apud

287 4137 451 4215 Muskam,
468 4158 519 4220 va
512 4136 689 4198 kalendas
704 4134 907 4210 Novembris,
922 4134 1130 4217 pontificatus
1141 4134 1249 4194 nostri
1265 4134 1414 4214 septimo.

341 4254 384 4322 (l)
405 4255 460 4308 We
479 4256 550 4308 have
572 4261 620 4307 not
640 4253 707 4307 been
724 4252 784 4308 able
801 4258 830 4306 to
851 4251 908 4305 find
928 4258 976 4304 out
994 4250 1126 4321 anything
1147 4249 1254 4304 further
1275 4250 1359 4302 about
1379 4250 1436 4304 this

284 4333 406 4401 pastime,
420 4334 512 4387 which
532 4351 617 4387 seems
636 4340 665 4387 to
682 4333 753 4387 have
771 4331 839 4387 besu
857 4348 875 4385 a
892 4329 958 4384 kind
977 4329 1007 4382 of
1022 4328 1169 4400 gambling.
1206 4328 1245 4382 To
1258 4327 1355 4398 ‘ding'
1367 4327 1390 4382 is
1402 4335 1431 4382 to

286 4409 360 4464 (11111
373 4428 403 4464 or
415 4411 504 4466 throw
517 4412 586 4465 with
599 4412 727 4481 violence,
740 4411 793 4465 and
805 4412 813 4440 ‘
823 4408 932 4464 thriits'
945 4425 989 4462 ars
1002 4404 1116 4477 savings.
