3074 5032
655 330 862 382 MEMORIALS
888 330 932 381 Ob*
960 329 1080 382 RlPON.

283 519 340 580 per
354 499 612 582 resignacionem
627 499 760 561 Patrioii
783 501 940 561 antedicti
963 498 1096 581 praefato
1121 497 1253 559 domino
1278 494 1435 559 Nicholao

283 595 479 656 contulimus
495 597 621 658 intuitu
644 596 799 671 caritatis,
814 602 910 677 prout
933 617 1059 677 semper
1081 592 1237 656 hactenus
1260 594 1436 675 praedeces-

284 711 370 752 sores
386 693 486 752 nostri
503 693 628 754 dictum
643 690 802 772 hospitale
817 695 975 773 tanquam
999 690 1165 772 spirituale
1181 694 1216 751 et
1238 695 1435 770 perpetuum

282 786 476 848 beneficium
492 788 636 849 conferre
652 788 796 873 personis
818 787 942 849 idoneis
965 791 1212 849 consueverunt.
1259 784 1435 848 Conservet

283 903 338 943 vos
355 883 495 944 ecclesiae
512 889 546 944 et
570 883 688 964 populo
705 903 761 944 suo
788 883 876 943 Deus
900 905 957 966 per
979 887 1125 963 tempora
1151 881 1307 964 longiora.
1360 881 1433 941 Dat.

282 979 368 1058 apud
384 978 535 1060 Wylton’,
553 977 608 1060 viij
626 979 675 1040 Id.
687 978 782 1040 Febr.
798 979 892 1040 Anno
906 979 1021 1061 graciae
1036 978 1162 1039 M⁰coc⁰
1177 983 1300 1038 octavo.

350 1121 431 1184 Rob.
471 1121 510 1184 de
540 1120 713 1202 Nurieeoph
743 1121 815 1184 6661
846 1121 968 1186 Simon
1004 1120 1119 1184 Worde
1150 1117 1338 1204 appointed
1368 1141 1434 1183 oar

283 1217 484 1301 ι1661166661
502 1218 619 1280 Assiee
639 1217 680 1281 ic
696 1217 746 1280 116
763 1216 896 1299 11116119
912 1219 950 1303 of
965 1217 1093 1302 Ripoa.
1140 1218 1264 1280 Burton
1280 1218 1362 1279 Mar.
1379 1219 1433 1293 24,

288 1319 372 1376 1308
389 1315 524 1376 finiente
540 1312 705 1398 (1308-9)
721 1323 753 1376 a⁰
769 1317 824 1378 4²⁰.

352 1459 391 1522 R.
408 1458 448 1521 de
463 1458 614 1542 Poatefr.
632 1480 696 1520 661
706 1456 819 1540 bciiiff
824 1459 864 1520 ad
874 1460 1004 1541 petend.
1016 1466 1050 1520 et
1060 1459 1233 1539 recipiend.
1248 1458 1432 1519 libertatern

285 1564 429 1619 nostram
454 1559 569 1639 Rypon
593 1559 627 1618 in
655 1558 804 1619 omnihus
827 1558 953 1638 placitis
977 1564 1011 1619 et
1037 1557 1183 1637 loquelis,
1200 1562 1262 1618 etc.
1308 1556 1433 1617 Burton

280 1654 377 1736 juxta
404 1654 530 1715 Beverl.
547 1654 628 1715 Mar.
645 1656 698 1730 24,
718 1657 801 1714 1308
818 1654 953 1714 finiente
977 1649 1141 1737 (1308-9)
1164 1659 1198 1714 et
1223 1657 1313 1734 pont.
1329 1648 1361 1713 a⁰
1377 1651 1432 1712 4²⁰.

284 1747 384 1810 Mem.
402 1748 439 1832 of
452 1747 543 1810 letter
559 1754 589 1810 16
607 1745 721 1830 boiliff
731 1769 835 1832 saper
846 1746 1048 1832 peremissis.

353 1891 579 1956 Commissioa
610 1898 641 1955 16
672 1890 794 1956 Simon
823 1892 920 1956 Wcrd
951 1893 1022 1955 aad
1048 1891 1125 1954 110.
1149 1891 1188 1954 de
1218 1891 1369 1956 1161616
1394 1913 1432 1977 oa

283 1988 439 2053 Justioec.
486 1989 608 2065 Cawod,
625 1989 646 2051 1
648 1989 704 2070 uly
723 1994 772 2066 11,
792 1994 886 2052 1309.
933 1990 1028 2051 Ρ611.
1045 1989 1076 2051 a⁰
1092 1993 1135 2050 4⁰.

352 2132 577 2196 Commissioa
597 2131 658 2215 for
680 2154 728 2195 61
753 2131 858 2195 osaiae
882 2141 917 2196 61
944 2132 1072 2216 Ripoa.
1111 2132 1246 2215 Birkyn,
1272 2135 1351 2216 July
1378 2138 1432 2208 21,

287 2232 384 2291 1309.

351 2368 452 2428 Mem.
467 2367 508 2428 de
524 2368 654 2429 domino
672 2367 803 2429 Simone
819 2368 946 2444 Warde,
963 2368 1081 2445 milite,
1105 2388 1200 2449 super
1222 2367 1315 2448 lapsu
1330 2367 1433 2427 carnis

284 2485 359 2526 oum
374 2464 504 2524 domina
529 2461 677 2526 Johanna
692 2464 731 2524 de
756 2462 947 2524 Corewenne
970 2464 1146 2524 diffamato.
1193 2463 1245 2525 He
1268 2461 1433 2524 confessed

285 2561 349 2621 and
365 2561 526 2641 promised
538 2560 759 2636 amendment,
776 2560 839 2621 and
855 2565 889 2621 to
903 2561 995 2620 avoid
1013 2560 1056 2620 all
1073 2559 1241 2640 suspected
1257 2559 1374 2640 places,
1390 2579 1433 2619 on

284 2659 361 2738 pain
377 2655 412 2717 61
429 2657 549 2737 paying
565 2653 632 2716 201.
647 2661 683 2715 to
698 2653 755 2716 the
771 2655 869 2716 fabrio
885 2656 921 2716 61
940 2654 998 2716 the
1015 2652 1142 2718 Ohurch
1158 2653 1194 2715 61
1212 2653 1311 2730 York,
1328 2651 1432 2714 which

285 2751 326 2813 he
343 2773 440 2813 swore
455 2760 490 2814 to
504 2773 577 2833 pay,
594 2751 636 2832 hy
650 2751 793 2832 corporal
809 2749 896 2812 cath.
942 2751 1033 2832 Sept.
1051 2755 1104 2827 21,
1124 2752 1219 2812 1309.

353 2894 578 2960 denominatae
594 2902 625 2958 16
648 2895 690 2956 N.
715 2893 754 2957 de
769 2894 957 2976 Bondepote
972 2894 1044 2958 aad
1065 2895 1149 2959 Wili.
1165 2894 1204 2958 de
1220 2853 1431 2976 Ponteburpo

286 3000 317 3056 16
333 2991 471 3076 6196116
486 2990 672 3076 1669661169
686 2990 769 3075 pista
786 2990 1008 3073 616116966161
1018 2991 1080 3075 for
1094 2989 1227 3075 repaire
1243 2990 1282 3074 of
1294 2989 1427 3072 bridpes

165 3089 168 3096 ’
284 3088 325 3152 ia
342 3087 392 3151 the
407 3087 540 3171 Libertp
555 3087 594 3171 of
606 3086 734 3172 Ripoa.
780 3087 975 3164 Munketon,
992 3088 1082 3170 Sept.
1098 3091 1152 3164 22,
1172 3090 1267 3150 1309.

353 3287 418 3348 Suo
440 3287 561 3347 decano
578 3284 703 3366 Ripon’,
720 3284 869 3360 salutem,
884 3288 946 3344 etc.
992 3284 1075 3357 Quia
1096 3285 1298 3346 intendimus
1322 3282 1433 3366 hospi-

284 3384 361 3444 talia
386 3382 495 3442 Beatae
519 3381 630 3442 Mariae
655 3380 858 3462 Magdalenae
881 3384 915 3440 et
940 3379 1033 3441 Beati
1052 3378 1210 3442 Johannis
1231 3380 1348 3462 Ripon'
1369 3378 1431 3442 hac

285 3478 423 3539 instanti
460 3477 513 3537 die
545 3477 678 3537 Veneris
708 3477 744 3536 in
774 3476 911 3537 crastino
942 3474 1051 3537 Sancti
1082 3475 1251 3537 Michaelis
1282 3497 1340 3558 per
1369 3477 1432 3537 Dei

108 3557 217 3646 odivi.
285 3573 426 3656 graciam
448 3571 589 3648 visitare,
605 3572 666 3632 tihi
689 3571 879 3632 mandamus
902 3572 1054 3651 quatinus
1081 3573 1251 3656 magistros
1278 3592 1335 3633 seu
1359 3593 1432 3633 cus-

134 3660 229 3764 „2²⁶¹
285 3669 376 3731 tedes
391 3668 552 3729 dictorum
575 3664 795 3747 hospitalium,
811 3686 846 3727 66
869 3667 1070 3748 praesbiteros
1093 3667 1292 3729 celebrantes
1314 3668 1349 3728 11
1373 3670 1430 3745 616,

171 3779 176 3789 “
285 3785 411 3827 166161
435 3762 491 3846 viij
519 3764 602 3824 viros
625 3762 805 3846 fidedignos
830 3762 870 3823 de
891 3783 957 3824 una
980 3770 1071 3844 parte
1095 3764 1179 3826 villae
1202 3764 1328 3846 Ripon’,
1351 3785 1431 3846 quos

286 3861 409 3924 66616116
440 3859 591 3942 praeferat
621 3859 729 3940 opinio
758 3859 993 3936 commendata,
1023 3880 1148 3922 necnon
1178 3860 1316 3922 totidem
1347 3861 1431 3922 viros

135 4014 140 4025 .
186 4013 200 4059 '.
285 3957 464 4039 fidedignos
481 3976 520 4017 ex
536 3956 598 4017 alia
621 3959 712 4036 parte
735 3954 820 4014 villae
844 3954 959 4036 Ripon'
974 3956 1056 4016 nulli
1081 3961 1255 4038 suspectos,
1271 3977 1329 4038 per
1351 3977 1430 4038 quos

285 4060 391 4117 status
414 4053 574 4115 dictorum
596 4050 806 4132 hospitalium
831 4055 865 4112 et
887 4049 1088 4112 fundacionis
1113 4053 1288 4114 eorundem
1314 4054 1431 4114 melius

284 4151 357 4211 sciri
373 4150 494 4231 poterit
509 4153 543 4210 et
558 4147 689 4229 inquiri,
706 4147 787 4208 cites
803 4147 854 4207 vel
877 4148 969 4207 citari
985 4146 1081 4209 facias
1104 4150 1329 4230 peremptorie,
1345 4149 1430 4230 quod
1462 4224 1466 4230 ‚

282 4248 317 4307 in
333 4246 429 4306 dictis
444 4242 656 4325 hospitalibus
672 4241 759 4303 dicto
774 4242 827 4302 die
850 4241 985 4303 Veneris
1008 4264 1114 4305 coram
1129 4245 1223 4306 nobis
1240 4244 1290 4305 vel
1306 4244 1430 4306 clericis

283 4341 401 4401 nostris
416 4339 629 4400 familiaribus
646 4338 686 4399 ad
702 4335 761 4398 hoc
787 4357 844 4418 per
865 4358 923 4398 166
947 4340 1128 4419 specialiter
1144 4340 1319 4421 deputatio,
1342 4360 1429 4401 oom-

281 4441 416 4516 pareant
440 4436 644 4515 tempestive,
660 4434 881 4494 visitacionem
904 4441 1046 4496 nostram
1069 4436 1184 4498 devote
1201 4445 1234 4499 et
1261 4433 1431 4497 humiliter
