3074 5032
118 2044 170 2087 Yon
181 2042 242 2087 shall

118 2101 204 2160 kindly
215 2115 252 2145 rc-

117 2161 184 2206 ceive
195 2160 236 2204 the

118 2219 246 2276 collectori,

120 2615 168 2659 arrd
180 2613 270 2659 deliver

118 2687 151 2730 up
162 2674 202 2717 the
210 2673 270 2717 alma

119 2731 270 2776 ol'thefaith-

118 2791 156 2835 ful
167 2790 269 2835 without

119 2849 196 2906 delay.

121 2908 163 2966 (77
174 2908 208 2966 o.)

123 3766 174 3814 One
184 3766 245 3812 hun·

123 3826 180 3872 drad
191 3825 259 3885 days’

124 3885 273 3944 indulgence.

419 333 421 336 ⁴
644 321 851 376 arnolsinus
876 321 921 373 01⁴¹
946 317 1067 373 affor.
1148 366 1151 371 ,

285 494 381 558 Ebor.
390 493 549 572 dioecesis,
561 492 602 554 de
610 511 747 554 numero
755 491 978 553 ministrorum
992 486 1120 571 copiose
1133 486 1254 550 cotidie
1268 486 1304 549 in
1319 485 1435 549 adem

286 590 355 652 Deo
370 587 605 651 famulancium
619 586 767 665 fundata,
781 591 856 648 tum
869 589 1000 668 propter
1018 585 1122 666 ipsius
1145 580 1345 647 vetustatem
1360 587 1438 645 tum

288 691 420 767 propter
463 687 635 746 ventorum
677 684 835 770 impetus,
878 681 1172 765 ingruenciumque
1223 677 1439 760 procellarum

286 780 434 843 turbines
450 779 609 841 violentes
624 779 705 840 adeo
720 781 884 859 currupta,
898 776 1084 854 dilacerata,
1100 779 1135 837 et
1150 777 1300 856 quassata
1314 772 1441 844 extitit,

288 876 373 957 quod
388 879 519 957 propter
534 876 687 936 timorem
701 873 803 934 ruinae
819 876 853 934 et
868 871 1027 953 collapsus
1042 869 1113 953 ejus
1132 874 1202 932 tota
1224 869 1315 931 navis
1335 868 1441 950 ipsius

289 971 429 1034 ecclesiae
444 990 502 1052 per
517 969 657 1033 artifices
672 968 713 1030 ad
727 972 847 1029 terram
863 973 914 1029 est
931 967 1071 1045 redacta,
1091 965 1242 1048 quodque
1265 963 1441 1026 facultates

288 1087 401 1130 eorum
412 1067 469 1147 qui
485 1065 525 1126 ad
534 1064 820 1128 reaedificacionem
830 1069 864 1124 et
872 1083 989 1125 novam
1001 1061 1277 1125 construcoionem
1289 1058 1439 1142 ejusdem

290 1167 368 1222 sunt
389 1161 514 1222 astricti
536 1160 672 1221 minime
689 1159 865 1235 sufficiunt,
880 1159 946 1220 nisi
968 1156 1078 1220 cultus
1094 1158 1225 1219 divinus
1240 1157 1275 1219 in
1291 1176 1330 1219 ea
1343 1155 1439 1238 quasi

288 1259 324 1318 in
350 1260 419 1318 toto
444 1256 616 1317 tolleretur
637 1247 862 1317 aut‘multum
886 1255 1135 1333 diminueretur,
1158 1253 1279 1335 absque
1300 1252 1439 1314 aliorum

291 1350 558 1416 Christifidelium
580 1352 757 1413 caritativis
778 1350 929 1412 subsidiis
951 1354 987 1412 et
1008 1350 1081 1412 aliis
1101 1348 1322 1432 spiritualibus
1344 1346 1440 1410 donis

290 1446 479 1529 hujusmodi
499 1466 557 1528 pro
574 1446 664 1528 operi
686 1446 858 1529 erogandis
879 1449 1083 1507 succurratur
1100 1445 1234 1521 eisdem,
1248 1444 1368 1505 idcirco
1383 1460 1440 1504 vos

291 1562 403 1606 omnes
415 1548 449 1604 et
461 1542 606 1625 singulos
623 1542 822 1624 supradictos
831 1542 1010 1604 clementer
1021 1542 1056 1603 in
1067 1541 1207 1603 Domino
1222 1537 1440 1615 exhortamur,

291 1644 327 1702 et
355 1643 516 1721 quantum
546 1659 621 1700 cum
650 1640 719 1701 Deo
748 1658 919 1720 possumus
949 1658 1118 1701 movemus
1146 1637 1280 1720 pietatis
1301 1636 1441 1711 intuitu,

291 1736 446 1818 quatinus
460 1755 535 1797 cunr
549 1735 619 1797 veri
633 1739 855 1817 procuratores
871 1735 938 1797 sive
953 1735 1067 1797 nuncii
1089 1735 1184 1796 dictae
1207 1732 1350 1796 ecclesiae
1373 1729 1443 1792 col·

291 1832 421 1914 legiatae
447 1831 488 1892 ad
507 1850 573 1910 vos,
596 1831 757 1907 ecclesias,
781 1851 838 1893 seu
859 1831 929 1892 loca
950 1834 1057 1893 vestra
1078 1829 1225 1891 fidelium
1247 1827 1443 1890 elemosinas

292 1927 333 1989 ad
347 1926 512 2003 fabricam,
526 1926 823 2004 reaedificaoionem,
839 1926 1127 2004 construcoionem,
1143 1928 1178 1987 et
1202 1923 1444 2005 reparacionem

292 2024 395 2104 ipsius
426 2021 568 2084 ecclesiae
605 2026 664 2083 aut
693 2041 827 2103 operum
863 2022 1091 2103 praedictorum
1128 2018 1444 2081 consummacionem

292 2118 430 2201 petituri
455 2117 659 2193 accesserint,
683 2117 769 2198 ipsos
793 2116 934 2201 benigne
960 2121 995 2178 et
1014 2115 1232 2179 favorabiliter
1248 2113 1444 2190 admittatis,

293 2234 330 2275 ac
354 2211 543 2294 hujusmodi
568 2232 649 2294 opus
673 2213 880 2275 caritativum
903 2214 1118 2294 promoveatis
1144 2210 1241 2274 verbo
1263 2210 1385 2291 pariter
1407 2214 1444 2272 et

293 2308 450 2389 exemplo,
466 2313 500 2370 et
525 2308 670 2370 subditos
700 2312 823 2370 vestros
848 2309 944 2370 modo
968 2307 1170 2393 diligenoiori
1199 2326 1263 2388 quo
1292 2305 1445 2386 poteritis

291 2406 333 2467 ad
362 2403 423 2466 hoc
451 2404 625 2482 inducatis,
649 2407 684 2465 et
706 2409 834 2466 mentes
860 2425 972 2466 eorum
998 2405 1039 2466 ad
1061 2405 1224 2487 praemissa
1252 2401 1444 2483 propensius

293 2500 453 2577 excitetis,
472 2504 507 2560 et
526 2499 680 2581 quicquid
699 2499 829 2561 nunciis
850 2501 917 2563 sive
940 2500 1198 2582 procuratoribus
1214 2499 1378 2582 praedictis
1402 2519 1443 2561 ex

293 2596 465 2658 devocione
482 2594 629 2656 fidelium
644 2594 828 2674 collectum,
843 2595 1010 2673 donatum,
1027 2597 1093 2659 sive
1114 2597 1263 2680 legatum
1279 2594 1393 2672 fuerit,
1407 2594 1444 2657 id

294 2691 416 2752 eisdem
438 2689 698 2772 procuratoribus
718 2694 776 2752 aut
798 2710 911 2751 eorum
933 2691 1031 2752 alicui
1046 2691 1252 2775 integraliter
1265 2690 1393 2752 facietis
1408 2694 1445 2752 et

292 2786 442 2848 celeriter
465 2784 605 2862 liberari,
627 2784 747 2866 absque
768 2787 955 2848 retencione
977 2791 1036 2848 aut
1057 2787 1277 2849 diminucione
1298 2784 1446 2868 aliquali,

293 2886 339 2959 et,
369 2885 408 2942 ut
439 2881 480 2942 ad
509 2881 675 2961 praemissa
704 2879 886 2942 reddamini
916 2883 1143 2964 prompciores,
1168 2882 1246 2961 Nos,
1270 2879 1444 2943 cardinalis

293 2976 457 3058 praefatus,
494 2976 534 3037 de
572 2975 634 3037 Dei
672 2975 913 3058 Omnipotentis
949 2966 1108 3039 immensa
1142 2976 1370 3054 misericordia,
1407 2980 1443 3039 et

293 3073 496 3134 Beatissimae
517 3071 630 3133 Mariae
652 3071 797 3156 Virginis
820 3071 934 3134 Mariae
954 3069 1034 3157 (sic)
1052 3092 1089 3134 ac
1104 3073 1279 3135 Beatorum
1301 3071 1394 3135 Pet-ri
1409 3075 1445 3134 ct

294 3168 389 3231 Pauli
404 3166 630 3250 Apostolorum
646 3166 717 3248 ejus
731 3168 924 3230 auctoritate
944 3168 1067 3246 confisi,
1083 3169 1234 3230 omnibus
1249 3173 1284 3230 et
1306 3166 1446 3251 singulis

295 3263 566 3329 Christifidelibus
589 3263 759 3345 utriusque
784 3284 879 3326 sexus
900 3265 957 3346 qui
979 3265 1020 3326 de
1043 3263 1137 3326 bonis
1160 3264 1227 3327 suis
1249 3263 1312 3325 sibi
1332 3282 1352 3324 a
1374 3263 1446 3325 Deo

293 3360 417 3422 collatis
432 3360 473 3422 ad
483 3357 646 3436 fabricam,
661 3359 956 3437 reaedificacionem,
981 3361 1267 3437 construcoionem,
1291 3364 1328 3421 et
1350 3378 1446 3441 repa·

294 3455 455 3515 racionem
507 3453 651 3515 ecclesiae
687 3454 865 3537 collegiatae
901 3456 1062 3537 praedicta
1091 3457 1200 3538 aliqua
1234 3454 1446 3532 contulerint,

295 3549 494 3625 donaverint,
524 3547 711 3630 legaverint,
733 3555 791 3610 aut
813 3551 1020 3632 quovismodo
1043 3552 1278 3635 assignaverint
1300 3549 1446 3613 subsidia

296 3643 448 3720 caritatis,
472 3643 594 3704 tociens
621 3644 774 3724 quociens
791 3646 955 3726 praemissa
976 3651 1034 3708 aut
1055 3647 1186 3729 aliquod
1206 3645 1447 3728 praemissorum

296 3737 444 3815 iecerint,
460 3742 594 3798 centum
609 3738 679 3800 dies
699 3739 916 3822 indulgenciae
939 3742 980 3805 de
1003 3742 1162 3825 injunctis
1177 3742 1223 3804 eis
1238 3739 1448 3824 poenitenciis

297 3834 547 3897 misericorditer
583 3835 619 3896 in
648 3833 788 3897 Domino
817 3838 1023 3900 concedimus
1053 3842 1088 3900 et
1116 3838 1358 3920 imperpetuum
1387 3855 1449 3918 per

297 3936 471 4014 praesentes
485 3930 651 4013 perpetuis
666 3928 786 3993 futuris
801 3932 1001 4014 temporibus
1017 3934 1199 3996 duraturas.

364 4026 404 4087 In
427 4047 563 4108 quorum
578 4025 676 4088 fidem
691 4030 726 4088 et
741 4027 978 4105 testimonium,
993 4027 1103 4090 literas
1118 4032 1244 4090 nostras
1259 4024 1450 4109 hujusmodi

294 4123 378 4200 fieri,
402 4122 568 4203 nostrique
595 4121 695 4205 sigilli
715 4121 874 4204 jussimus
898 4124 1095 4204 appensione
1119 4122 1326 4185 communiri.
1370 4121 1449 4187 Dat.

297 4219 402 4300 primo
416 4218 469 4280 die
485 4217 606 4280 mensis
617 4218 638 4280 J
639 4219 721 4297 unii,
736 4219 831 4280 Anno
846 4218 978 4281 Domini
991 4220 1169 4283 Millesimo
1183 4219 1450 4303 quingentesimo

298 4314 497 4377 duodecimo.
