3068 5024
231 333 405 386 uxrmcrs
429 331 528 384 raon
553 332 650 384 rosa
675 332 886 400 marsmus3
912 334 1144 386 sommum.
1361 311 1454 400 163]

111 500 245 584 graliter
258 499 383 563 faciatis
399 504 434 564 et
448 502 595 564 celeriter
610 501 751 581 liberari,
761 502 882 585 absque
896 496 1082 565 retencione
1098 521 1156 564 seu
1164 501 1262 564 dimi-
1370 524 1373 529 ·

111 597 250 658 nucione
273 596 407 678 aliquali
421 597 474 659 vel
496 597 605 678 aliquo
627 598 668 659 ab
690 599 769 680 ipsis
789 597 960 681 exigendo,
974 597 1189 681 praesentibus
1205 616 1263 678 per

111 712 216 754 unum
237 712 360 753 annum
390 713 409 754 a
438 693 515 755 data
538 694 712 755 earundem
741 696 897 756 continue
926 694 1166 756 numerandum
1189 697 1262 753 tan-

110 788 279 850 tummodo
293 788 469 865 duraturis.
499 788 564 850 Dat
578 788 704 870 Ripon'‚
720 797 775 851 xv⁰
790 790 844 851 die
858 790 979 850 mensis
996 787 1156 866 Octobris,
1166 787 1261 848 Anno

111 882 243 944 Domini
258 883 435 946 Millesimo
449 889 555 946 ccccmo
570 885 765 968 octogesimo
781 885 931 947 secundo

177 1052 326 1132 ThomaS,
343 1059 419 1117 etc.
450 1056 608 1118 universis
638 1060 672 1118 et
710 1055 848 1140 singulis
877 1056 1060 1133 abbatibus,
1090 1053 1261 1138 prioribus,
1287 1068 1357 1127 (ros)

109 1147 354 1228 archidiaconis,
392 1155 427 1213 et
462 1172 574 1213 eorum
611 1150 809 1228 officialibus,
847 1153 1086 1229 commissoriis,
1118 1129 1414 1232 decanis,f„}',;1{¹3⁸²

109 1245 299 1322 rectoribus,
328 1246 466 1324 vicariis,
495 1246 669 1328 capellanis
699 1245 946 1329 parochialibus,
976 1251 1010 1308 et
1039 1247 1112 1308 aliis
1142 1246 1261 1308 Divina
1284 1269 1436 1329 Indulqenca

109 1340 359 1418 celebrantibus,
388 1361 516 1403 necnon
547 1340 708 1424 religiosis
746 1341 1006 1424 quibuscumque
1042 1362 1100 1424 per
1136 1346 1260 1404 nostras
1280 1329 1430 1447 llidlssbm

109 1436 287 1513 civitatem,
309 1437 485 1513 dioecesim,
506 1441 540 1498 et
557 1437 755 1518 provinciam
782 1437 878 1499 Ebor.
900 1437 1042 1500 ubilibet
1060 1437 1260 1514 constitutis,
1285 1446 1379 1505 Ripon’.
1466 1448 1469 1449 ’

111 1531 250 1593 salutem
274 1533 310 1593 in
334 1552 372 1593 eo
397 1551 455 1613 per
480 1552 578 1613 quem
602 1532 640 1594 fit
666 1533 814 1594 remissio
834 1538 1050 1615 peccatorum.
1140 1532 1261 1593 Adver-

110 1630 219 1688 tentes
238 1627 399 1708 siquidem
421 1646 519 1708 quam
541 1627 688 1708 placatus
710 1626 817 1688 fuerat
839 1627 999 1689 Dominus
1021 1629 1056 1688 in
1081 1627 1261 1704 Salamone,
1284 1641 1388 1685 Theox-

110 1720 280 1783 hominum
297 1723 545 1803 sapientissima
560 1723 617 1804 qui
630 1723 698 1784 zelo
712 1721 962 1799 ferventissimo,
978 1724 1135 1803 impensis
1158 1723 1261 1783 maxi-
1285 1699 1403 1804 {ffissffio‘ff

111 1818 174 1878 mis
213 1838 233 1878 a
269 1817 373 1879 David
410 1818 613 1879 sanctissimo
651 1822 742 1899 patre
774 1838 830 1879 suo
860 1819 1057 1899 praeparatis,
1086 1818 1261 1900 gloriosum

111 1912 193 1974 illud
215 1913 376 1995 templum
396 1912 529 1974 Domini
552 1917 738 1974 extruxerat
759 1913 1013 1991 inxJerusalem,
1027 1914 1064 1974 in
1089 1933 1153 1994 quo
1172 1911 1263 1974 holo-

111 2014 322 2086 caustomata,
344 2009 504 2084 victimas,
519 2013 554 2070 et
575 2009 707 2085 hostias,
726 2007 897 2070 brutorum
917 2009 1108 2071 animalium
1131 2029 1262 2090 corpora

111 2109 144 2165 et
168 2106 370 2187 sanguinem,
396 2105 466 2166 Deo
488 2104 722 2180 immolaverat,
749 2109 785 2166 et
806 2105 842 2165 in
866 2103 947 2186 Cyro
970 2105 1143 2166 Persarum
1171 2125 1260 2187 rege,
1285 2122 1411 2185 oleyrus.

110 2199 204 2281 cujus
235 2201 387 2281 spiritum
414 2201 584 2262 suscitavit
612 2199 701 2261 Deus
725 2205 763 2261 ut
792 2199 876 2262 filios
906 2200 1018 2278 Israel,
1042 2202 1078 2262 in
1104 2200 1261 2262 Babilone

109 2296 265 2377 captivos,
280 2295 321 2357 ad
336 2295 598 2358 reaedificandum
620 2299 654 2356 et
675 2296 927 2357 instaurandum
947 2295 1110 2376 templum
1126 2295 1261 2357 Domini

110 2390 147 2450 in
168 2391 351 2453 Jerusalem
370 2412 389 2452 a
410 2391 565 2474 gentibus
581 2390 785 2451 destructum
808 2395 843 2453 et
865 2390 1047 2452 desolatum
1070 2391 1188 2453 liberos
1211 2392 1262 2453 di·

110 2485 265 2564 mitteret,
287 2491 321 2549 et
335 2507 412 2548 vasa
432 2485 549 2567 templi
571 2486 699 2567 direpta
720 2487 919 2564 restitueret,
941 2487 1076 2569 ipseque
1099 2488 1258 2549 universis

110 2583 188 2644 viris
202 2584 327 2645 cunctis
342 2584 378 2643 in
392 2582 470 2644 locis
485 2582 671 2664 ubicunque
689 2580 914 2644 habitantibus
937 2586 976 2644 ut
998 2603 1087 2660 auro,
1109 2589 1257 2666 argento,

112 2677 304 2756 substancia,
320 2684 355 2740 et
375 2679 544 2760 pecoribus
566 2677 758 2759 adjuvarent
780 2677 893 2756 edixit,
914 2679 966 2739 uti
982 2677 1148 2760 Scriptura
1171 2699 1259 2741 sacra

110 2779 361 2848 commemorat3
383 2774 533 2855 quodque
556 2779 728 2856 postquam
752 2773 866 2835 umbra
881 2778 916 2835 et
931 2775 1020 2855 tipus
1042 2780 1257 2851 recesserunt,
1283 2789 1343 2835 Now
1354 2790 1409 2836 that

110 2874 144 2930 et
153 2869 368 2931 nobisveritas
377 2868 590 2951 patefactast
597 2871 706 2951 gracia
715 2869 871 2930 etveritas
881 2889 938 2951 per
947 2866 1082 2930 Ihesum
1092 2867 1257 2933 Christum
1283 2850 1436 2964 ζξζξοῇξξᾶ

109 2964 192 3026 datae
207 2964 341 3041 fuerint,
356 2964 462 3026 multo
476 2965 581 3046 magis
595 2968 764 3044 acceptum
780 2964 843 3024 erit
852 2963 920 3024 Deo
932 2968 967 3024 et
977 2964 1063 3026 inter
1071 2985 1166 3046 opera
1176 2967 1257 3027 cari·
1284 2955 1403 3026 deputed,

108 3061 187 3121 tatis
210 3061 429 3142 potissimum,
456 3059 663 3120 ecclesiarum
690 3056 810 3121 Christi
839 3058 881 3120 ad
907 3059 1009 3120 divini
1040 3060 1147 3122 cultus
1176 3081 1257 3144 aug·
1327 3129 1330 3133 ,

108 3161 259 3216 mentum
280 3155 398 3216 Decet
414 3154 541 3217 Sanctis
557 3155 623 3215 suis
638 3157 906 3232 consecratarum,
921 3154 954 3215 in
971 3155 1089 3236 quibus
1104 3175 1169 3216 non
1185 3160 1258 3218 tau-

108 3271 217 3313 rorum
233 3255 267 3312 et
281 3249 458 3312 vitulorum
472 3254 676 3311 mortuorum
698 3269 826 3330 corpora
848 3256 883 3311 et
906 3251 1036 3333 sanguis
1059 3255 1098 3313 ut
1119 3251 1198 3312 olim
1220 3253 1256 3313 in

108 3347 277 3429 sinagoga¹
298 3346 520 3423 immolantur,
541 3345 597 3407 sed
617 3345 690 3406 viva
712 3349 747 3406 et
769 3364 844 3406 vera
866 3343 982 3423 hostia,
1001 3345 1174 3429 Unigeniti
1196 3347 1256 3410 Dei
1283 3365 1381 3433 enocha

109 3442 186 3504 Filii
201 3442 223 3505 J
224 3440 307 3503 hesu
323 3440 443 3505 Christi
457 3441 588 3503 Domini
604 3440 706 3502 nostri
722 3439 843 3522 Corpus
860 3446 894 3504 et
911 3440 1050 3526 Sanguis
1059 3444 1148 3524 prius
1156 3443 1256 3504 inara
1280 3423 1334 3527 111118
1362 3426 1422 3529 222}

108 3540 211 3600 crucis
226 3558 283 3620 pro
303 3538 451 3600 omnium
466 3536 571 3599 salute
586 3537 731 3599 oblatum
746 3536 848 3613 Patri,
859 3535 934 3621 jugi
956 3538 1128 3600 sacerdotis
1142 3539 1256 3600 minis·
1281 3540 1324 3586 fiee
1334 3542 1354 3587 1⁸

107 3635 191 3696 terio
206 3655 263 3716 pro
278 3634 424 3695 vivorum
440 3632 544 3694 salute
567 3636 602 3694 et
619 3631 846 3694 defunctorum
860 3633 972 3714 requie
993 3633 1099 3695 indies
1121 3632 1256 3695 offertur
1281 3599 1372 3657 (Μ’

108 3733 143 3791 et
163 3728 360 3805 immolatur,
380 3727 437 3789 ubi
455 3726 496 3789 ab
515 3728 586 3808 ipso
604 3732 807 3809 peccatorum
830 3728 960 3789 veniam
979 3733 1014 3790 et
1031 3729 1255 3791 remissionem

107 3843 241 3906 precum
264 3822 431 3884 instanciis
448 3822 686 3903 consequimur,
701 3823 947 3901 construocioni‚
963 3823 1204 3899 instauracioni,
1220 3827 1255 3884 et
1280 3834 1352 3881 much
1365 3849 1430 3884 moro

107 3918 279 3982 refeccioni
302 3938 486 3980 succurrere
503 3922 538 3980 et
554 3917 735 3980 subvenire.
782 3916 864 3980 Cum
879 3918 982 4000 igitur
998 3917 1131 3978 ecclesia
1145 3921 1254 3978 nostra
1279 3894 1410 3998 {huffffldffi
1517 3975 1520 3979 .

108 4013 279 4096 collegiata
300 4012 394 4074 Beati
408 4012 552 4074 Wilfridi
567 4012 693 4094 Ripon’,
709 4012 788 4074 olim
811 4011 959 4094 splendor
983 4015 1017 4073 et
1039 4012 1136 4074 decus
1152 4010 1254 4071 eccle-
1278 4009 1370 4113 ‘meh

107 4109 229 4170 siarum
251 4109 287 4170 in
310 4108 451 4170 occiduis
470 4108 617 4190 partibus
640 4111 757 4169 nostrae
779 4106 926 4168 dioecesis
948 4107 1044 4169 Ebor.
1061 4106 1102 4167 de
1116 4125 1253 4167 numero
1278 4080 1431 4196 fshzrghz'ch

106 4205 235 4286 copioso
253 4205 477 4265 ministrorum
498 4202 559 4264 Dei
578 4203 727 4264 noctibus
750 4207 784 4263 et
807 4200 922 4263 diebus
937 4202 973 4262 in
988 4221 1026 4262 ea
1040 4200 1252 4283 psallencium
1278 4206 1399 4313 ffiippp

162 4363 206 4429 (1)
225 4363 282 4430 Le,
294 4361 322 4415 in
332 4363 380 4415 the
392 4361 494 4416 chish
507 4378 536 4416 as
549 4361 664 4434 opposed
676 4366 705 4414 to
722 4359 770 4414 the
782 4358 919 4414 Christian
932 4358 1050 4428 Ohurch,
1063 4359 1152 4413 unless
1163 4357 1186 4413 it
1197 4377 1253 4413 was

107 4442 226 4511 thought
237 4441 300 4495 that
310 4440 441 4494 sacrificos
452 4457 522 4495 were
531 4439 630 4493 offered
642 4439 670 4492 in
683 4455 856 4508 synagogues.

651 4535 702 4580 112
