3074 5032
102 298 174 369 168

102 592 159 640 Chr.
169 592 248 650 Drag-

102 652 143 755 1οῆ
152 652 195 755 hqs
205 658 248 697 not

486 376 489 381 .
591 390 594 394 Α
640 316 847 370 uincamus
873 317 919 370 or
943 312 1064 370 amor.

277 483 515 566 praebendarios
544 484 691 567 ejusdem
721 484 864 547 eeclesiae
893 482 1084 566 hujusmodi
1112 483 1234 546 delicta
1269 484 1433 567 corrigere

278 585 432 642 conantes
461 579 679 662 impedivisse,
713 579 832 662 januas
862 580 978 642 domus
1013 580 1203 662 capitularis
1236 580 1437 642 multotiens

104 724 161 770 ony
189 723 229 768 03.
278 675 400 737 clausas
428 675 583 737 servando
606 695 647 736 ne
671 675 817 736 canonici
839 695 897 757 pro
919 672 1107 757 hujusmodi
1125 674 1378 737 correctionibus
1398 679 1437 738 et

103 769 178 815 lected
189 768 240 814 this

104 828 173 887 duty,
185 827 230 872 but

104 886 147 932 hes
157 886 216 943 kept

104 945 145 991 the
156 945 223 990 doors

105 1004 256 1063 oftbechap·

104 1063 225 1109 ter-house

104 1121 190 1168 closed.

278 771 350 832 aliis
380 771 462 833 actis
488 771 722 854 capitularibus
751 770 938 833 exercendis
960 771 1231 854 ingrederentur3
1251 770 1314 834 tibi
1328 771 1437 854 igitur

280 865 475 931 Christofero
505 867 647 951 Dragley
676 867 829 928 canonico
867 866 1045 945 antedicto,
1074 871 1188 929 tenore
1218 867 1437 949 praesencium

278 963 483 1046 injungimus
505 969 668 1045 quatenus
689 966 739 1040 tu,
752 961 849 1043 juxta
873 962 960 1024 dicta
986 962 1120 1044 antiqua
1143 967 1268 1024 statuta
1292 962 1333 1024 ad
1360 982 1436 1045 qnae

279 1059 478 1122 observanda
502 1059 728 1141 juramentum
754 1057 936 1139 praestitisti
959 1058 1133 1140 corporale,
1156 1057 1294 1141 singulis
1315 1057 1437 1121 diebus

280 1155 414 1218 Veneris
443 1155 495 1216 vel
525 1154 658 1217 Sabbati
687 1153 805 1234 quibus
831 1157 867 1214 te
893 1152 1007 1215 adesse
1037 1154 1223 1238 contigerit,
1251 1153 1436 1236 capitulum

279 1274 336 1334 pro
350 1249 537 1333 hujusmodi
559 1250 809 1312 correctionibus
832 1249 948 1312 fiendis
968 1270 1134 1328 convoces,
1157 1270 1205 1328 ac,
1227 1255 1262 1312 te
1285 1250 1434 1328 absente,

279 1347 403 1410 caeteris
418 1345 566 1428 ejusdem
582 1345 722 1406 ecclesiae
737 1345 899 1407 canonicis
918 1343 1123 1429 injungimus
1138 1346 1292 1428 quatinus
1318 1365 1435 1409 eorum

281 1442 403 1526 singuli
427 1442 524 1524 juxta
553 1441 775 1503 senioritatem
812 1460 905 1502 suam
939 1440 1119 1522 capitulum
1147 1461 1207 1523 pro
1234 1434 1435 1524 'hujusmodi

281 1537 534 1601 correctionibus
548 1536 664 1598 fiendis
679 1541 867 1614 convocent,
882 1535 946 1597 tibi
959 1536 1063 1619 igitur
1077 1537 1220 1620 insuper,
1235 1535 1435 1601 Christofero

281 1633 422 1718 Dragley
444 1633 619 1710 antedicto,
634 1631 848 1714 injungentes
869 1637 908 1694 ut
923 1632 959 1693 in
973 1631 1124 1696 absencia
1134 1638 1193 1695 tua
1203 1632 1321 1715 januas
1336 1632 1435 1697 dictae

281 1732 396 1794 domus
425 1729 614 1812 capitularis
643 1747 701 1810 per
731 1726 1029 1792 subthesaurarium
1062 1729 1164 1810 ipsius
1194 1729 1349 1807 ccclesiae,
1376 1750 1435 1793 seu

281 1827 383 1890 alium
398 1832 495 1889 tuum
510 1826 715 1907 deputatum,
731 1828 856 1906 apertas
871 1825 979 1886 teneri
993 1822 1102 1887 facias.
1436 1893 1439 1896 Α

348 1924 447 2000 Item,
463 1923 541 1983 licet
555 1941 613 2002 per
627 1921 762 2001 antiqua
784 1923 909 1982 statuta
924 1920 1019 1982 dictae
1035 1920 1188 2000 ecclesiae,
1204 1925 1239 1984 et
1254 1922 1436 1984 secundum

282 2020 520 2081 ordinacionem
543 2017 748 2078 canonicatus
772 2019 806 2077 et
820 2016 1000 2096 praebendae
1022 2017 1063 2079 de
1086 2017 1262 2101 Stanwigg,
1283 2018 1436 2101 regimen

127 2133 139 2161 υ
163 2131 178 2173 '2
284 2120 318 2176 et
328 2114 481 2176 correctio
497 2112 687 2173 vicariorum
702 2115 738 2172 et
749 2110 888 2172 aliorum
902 2110 1092 2174 inferiorum
1106 2113 1330 2176 ministrorum
1345 2112 1436 2196 ejus·

283 2210 359 2271 dem
376 2207 518 2270 ecclesiae
533 2204 617 2267 infra
631 2204 766 2268 chorum
777 2206 1052 2288 delinquencium,
1069 2227 1126 2270 seu
1140 2229 1160 2271 a
1174 2207 1271 2272 choro
1285 2214 1434 2292 tempore

283 2306 468 2368 divinorum
485 2322 518 2364 se
540 2302 794 2381 absentantium,
809 2303 850 2363 ad
864 2307 1023 2364 rectorem
1037 2307 1071 2366 et
1088 2309 1322 2386 praecentorem
1340 2304 1435 2368 chori

284 2401 432 2484 ejusdem
448 2398 590 2461 ecclesiae
602 2401 727 2479 spectat
742 2401 776 2458 et
787 2398 941 2478 pertinet,
957 2396 1187 2462 nichilominus
1201 2406 1323 2480 tamen,
1338 2406 1378 2465 ut
1392 2422 1435 2464 ex

284 2496 511 2559 canonicorum
536 2493 631 2554 dictae
661 2493 804 2555 ecolesiae
832 2494 960 2555 racione
989 2496 1182 2576 accepimus,
1213 2494 1434 2561 Christoferus

284 2591 434 2675 Dragley,
441 2588 612 2650 canonicus
624 2587 914 2672 residenciariuqin
926 2588 1039 2650 eadem
1050 2590 1195 2669 eeclesia,
1200 2598 1435 2674 praecentorem

284 2696 319 2752 et
333 2691 491 2750 rectorem
502 2683 590 2747 chori
604 2685 796 2746 multotiens
805 2685 943 2766 impedit
954 2687 1127 2768 quominus
1143 2688 1276 2751 vicarios
1289 2688 1435 2754 chorales

284 2792 319 2848 et
340 2784 421 2847 alios
442 2783 538 2844 dictae
562 2780 704 2843 ecclesiae
730 2780 895 2842 ministros
917 2786 1063 2863 tempore
1085 2783 1270 2847 divinorum
1292 2789 1328 2848 et
1348 2784 1436 2849 infra

169 2907 197 2964 qr
284 2879 418 2945 chorum
433 2878 672 2959 delinquentes,
686 2876 842 2960 corrigere
859 2880 893 2937 et
907 2875 1080 2940 reformare
1096 2884 1226 2961 posset3
1247 2901 1284 2943 ac
1299 2881 1436 2964 insuper

139 2966 214 3057 ⁶1⁰2?
242 3035 253 3045 .
284 2980 373 3041 idem
396 2973 610 3038 Christoferus
624 2973 762 3056 instigat
776 2976 810 3035 et
828 2971 981 3034 sollicitat
995 2973 1124 3036 eosdem
1138 2976 1281 3054 vicarios,
1296 2996 1338 3038 ne
1353 2996 1437 3059 prae-

128 3070 184 3116 ’θ’
218 3101 226 3118 ·
285 3073 408 3138 centeri
425 3091 482 3133 seu
505 3068 622 3131 rectori
644 3065 733 3129 chori
753 3071 850 3149 prout
871 3071 1028 3129 tenentur
1050 3069 1288 3152 obtemperent,
1309 3071 1436 3135 eisdem

284 3171 430 3254 praebens
445 3167 611 3229 audaciam
626 3163 849 3244 delinquendi.
880 3161 953 3224 libi
964 3164 1076 3246 igitur,
1087 3162 1283 3229 Christofero
1294 3166 1437 3252 Dragley

160 3282 169 3327 i
216 3306 227 3316 -
286 3267 438 3330 canonico
460 3261 636 3338 antedict0,
651 3260 798 3321 districte
821 3255 1041 3341 prohibemus,
1056 3258 1273 3344 injungimus,
1288 3270 1323 3325 et
1336 3283 1435 3326 mau-

140 3356 151 3386 ¹
198 3413 222 3444 ro
286 3364 411 3437 damus,
438 3359 592 3440 quatinus
621 3360 661 3417 tu
687 3355 727 3417 de
757 3359 873 3416 caetero
902 3355 986 3415 circa
1014 3354 1277 3420 reformacionem
1306 3362 1343 3420 et
1363 3378 1436 3421 cor·

162 3471 192 3503 0¹¹
234 3488 243 3503 ·
286 3456 465 3518 rectionem
488 3451 678 3513 vicariorum
710 3447 886 3510 choralium
916 3453 951 3510 et
986 3449 1209 3513 ministrorum
1244 3451 1436 3536 hujusmodi

287 3551 371 3613 infra
385 3547 518 3609 chorum
541 3550 685 3625 tempore
708 3545 893 3606 divinorum
915 3545 1176 3626 delinquentium
1191 3549 1244 3610 vel
1266 3569 1301 3610 se
1317 3548 1437 3612 absen-

288 3645 431 3709 tantium
454 3641 544 3703 nullo
567 3639 662 3701 modo
691 3645 726 3701 te
758 3641 958 3702 intromittas
987 3641 1040 3703 vel
1069 3642 1209 3727 ingeras,
1239 3645 1303 3706 nisi
1323 3644 1437 3727 ipsum

288 3745 446 3806 rectorem
461 3734 550 3798 chori
568 3735 735 3797 absentem
758 3735 826 3797 fore
851 3737 1045 3820 contigerit;
1068 3739 1123 3800 sed
1139 3743 1178 3801 ut
1202 3745 1379 3820 praecentor
1400 3746 1438 3804 et

288 3846 393 3903 rector
402 3833 490 3897 chori
508 3831 692 3895 antedictus
710 3831 984 3913 indelinquentes
998 3831 1187 3915 hujusmodi
1200 3835 1286 3898 infra
1300 3833 1438 3899 chorum

288 3935 375 4020 quod
391 3952 449 3994 suo
459 3930 556 4013 juxta
577 3928 673 3989 dictae
688 3927 830 3989 ecclesiae
854 3931 976 3989 statuta
990 3931 1143 3991 convenit
1164 3930 1268 3994 officio
1289 3937 1440 3996 exerceat

289 4039 324 4094 et
346 4031 453 4106 faciat,
469 4025 558 4087 omni
574 4024 702 4086 sinistra
719 4023 927 4104 persuasione
950 4027 985 4085 et
1003 4024 1136 4087 consilio
1158 4026 1225 4088 tuis
1240 4046 1370 4108 prorsus
1385 4047 1439 4090 se-

289 4129 398 4204 motis,
413 4123 545 4186 omuino
569 4124 603 4182 et
623 4119 725 4183 libere
740 4118 922 4201 permittas.
960 4118 996 4181 Si
1010 4139 1087 4181 vero
1101 4126 1206 4183 rector
1220 4121 1309 4183 chori
1324 4142 1365 4184 ex
1377 4122 1440 4185 ali-

290 4246 355 4307 qua
364 4223 456 4306 justa
470 4237 565 4280 causa
579 4215 693 4278 absens
715 4213 827 4290 fuerit,
841 4218 915 4275 tum
938 4215 1151 4277 correctiones
1171 4214 1358 4299 hujusmodi
1378 4237 1439 4301 per

290 4323 432 4401 aliquem
448 4336 487 4377 ex
501 4311 663 4374 canonicis
681 4308 778 4392 juxta
793 4308 864 4391 ejus
881 4310 1103 4372 senion'tatem
1117 4311 1229 4375 debite
1243 4313 1345 4390 fiant3
1367 4333 1440 4377 om·

290 4415 386 4479 nibus
418 4417 528 4473 autem
562 4405 724 4468 canonicis
761 4403 857 4466 dictae
890 4404 1033 4467 ecclesiae
1070 4410 1216 4488 tempore
1254 4409 1439 4473 divinorum
