3074 5032
258 366 430 417 axrnscrs
456 366 554 418 raon
580 366 676 418 roas
702 364 915 430 anorsraus3
950 365 1161 417 coaaarnsa.
1407 343 1453 418 27

131 537 276 620 paternis
313 533 497 596 affeetubus
535 536 715 617 prospicere
752 533 949 613 censuimus,
984 541 1019 598 et
1056 531 1279 617 spiritualibus

131 633 251 714 quibus
274 651 446 712 possumus
471 632 674 693 munusculis
698 629 881 706 subvenire,
905 630 1114 692 devocionem
1138 634 1280 690 vestram

130 731 234 812 igitur
251 727 393 788 studiose
410 728 603 807 requirimus
620 732 654 788 et
678 727 712 786 in
728 725 866 786 Domino
882 729 1043 788 attencius
1059 725 1278 799 exhortamur,

130 825 221 885 vobis
246 824 281 883 in
305 823 530 884 remissionem
554 823 779 903 peccaminum
801 818 1031 882 nichilominus
1057 821 1277 903 injungentes

129 928 292 1002 quatenus
308 939 383 979 cum
399 923 618 1000 procuratores
635 917 687 979 vel
711 917 823 977 nuncii
845 917 985 997 praefatae
1007 917 1148 978 ecclcsiae
1163 917 1204 976 ad
1221 936 1275 976 vos

128 1017 281 1077 venerint
305 1036 362 1096 pro
386 1014 531 1075 fidelium
547 1014 731 1075 elemosinis
753 1012 940 1094 coligendis,
957 1015 1040 1094 ipsos
1064 1013 1099 1072 in
1123 1013 1275 1093 proximis

127 1112 282 1193 capitulis
300 1111 415 1173 vestris
430 1111 629 1172 celebrandis
645 1116 717 1191 post
731 1110 968 1190 inspeccionem
984 1110 1194 1190 praesencium
1209 1129 1274 1190 prae
1299 1123 1333 1169 To
1344 1125 1372 1170 bo
1383 1130 1419 1172 at-

127 1209 281 1270 omnibus
297 1207 368 1268 aliis
383 1208 537 1285 negociis
553 1214 686 1288 excepto
701 1207 835 1288 negocio
857 1204 984 1267 fabricae
1000 1206 1142 1267 ecclesiae
1157 1210 1273 1266 nostrae
1299 1186 1450 1302 ffilgffllfssm

128 1305 223 1365 Beati
250 1304 342 1364 Petri
372 1303 467 1365 Ebor.
492 1301 550 1387 (ia
579 1300 731 1383 marphe,
755 1301 841 1383 quod
871 1307 945 1382 post
975 1302 1091 1382 exponi
1113 1300 1272 1376 volumus
1299 1301 1428 1407 birroredss·

126 1402 263 1484 negocio
288 1399 416 1460 fabricae
432 1399 571 1460 eeclesiae
592 1406 709 1460 nostrae
725 1399 819 1459 Ebor.
836 1399 925 1479 prius
950 1400 1104 1480 exposite.
1119 1397 1272 1459 benevole
1297 1374 1440 1477 galgulis

125 1493 327 1579 admittatis)
351 1494 504 1556 benevole
528 1496 723 1571 admittatis,
739 1515 850 1554 eorum
874 1495 1046 1577 negocium
1070 1493 1272 1576 parochianis
1298 1479 1439 1586 ffir‘gfx‘ff

126 1592 266 1653 subditis
283 1591 398 1651 vestris
415 1591 534 1650 efficaci
550 1590 739 1671 compendio
756 1595 964 1670 exponentes.
1010 1591 1166 1671 Ipsosque
1181 1610 1273 1670 paro-
1296 1597 1369 1644 York·

125 1685 257 1748 chianos
283 1691 317 1747 et
342 1687 486 1748 subditos
511 1691 645 1764 vestros,
672 1687 733 1747 Dei
760 1691 794 1747 et
820 1686 923 1746 nostri
946 1687 1072 1746 intuitu
1098 1686 1273 1769 benignius

125 1783 300 1858 inducatiS,
316 1787 355 1843 ut
379 1783 419 1844 de
443 1783 534 1843 bonis
559 1783 620 1843 sibi
642 1803 661 1843 a
684 1782 752 1843 Deo
776 1781 901 1843 collatis
926 1783 966 1843 ad
990 1782 1273 1859 restauracionem‚

125 1879 349 1955 refeccionem,
366 1885 400 1940 et
423 1878 576 1941 fabricam
600 1880 760 1960 praedictae
783 1880 925 1940 ecclesiae
946 1877 1071 1960 Rypon'
1087 1878 1176 1960 larga
1198 1900 1274 1940 con-

124 1975 232 2036 ferant
255 1975 397 2037 subsidia
418 1976 571 2052 caritatis,
594 1977 628 2035 in
651 1975 767 2057 quibus
791 1973 941 2036 aeternale
963 1975 1133 2055 praemium
1157 1975 1273 2035 mereri

123 2076 281 2151 poterunt
301 2072 467 2152 accepoius
489 2091 595 2132 eoram
619 2071 698 2132 Deo.
744 2071 788 2131 Et
812 2071 967 2151 quicquid
989 2070 1149 2131 coleotum
1172 2069 1272 2132 fuerit

122 2168 255 2228 nomine
271 2169 373 2248 ipsius
388 2167 532 2228 eeclesiae
547 2166 689 2248 praefatis
704 2167 964 2248 procuratoribus
982 2167 1033 2227 vel
1058 2167 1185 2227 nunciis
1202 2168 1270 2228 sine

122 2261 343 2322 diminucione
359 2262 505 2344 qualibet
520 2263 665 2323 liberetis
690 2283 748 2324 seu
771 2262 896 2323 faciatis
912 2262 1116 2345 integraliter
1131 2262 1269 2325 liberari.

120 2356 188 2417 Nos
203 2364 316 2419 autem
331 2358 371 2418 de
395 2357 541 2440 ejusdem
565 2359 798 2439 omnipotentis
814 2358 875 2418 Dei
897 2359 970 2418 miti
993 2359 1212 2419 misericordia
1235 2363 1270 2420 et

119 2454 267 2535 gloriosae
293 2454 437 2535 Virginis
464 2454 576 2515 Mariae
605 2456 718 2514 mat-ris
746 2475 821 2531 suae,
852 2454 1021 2515 beatorum
1043 2454 1268 2535 Apostolorum

119 2550 211 2611 Petri
235 2557 269 2610 et
291 2549 397 2626 Pauli,
412 2570 537 2611 necnon
561 2551 752 2611 sanctissimi
768 2549 956 2612 confessoris
973 2551 1139 2627 willelmi,
1157 2549 1267 2611 Omni·
1292 2562 1377 2633 Mer-its
1387 2563 1414 2609 of

119 2666 241 2727 umque
272 2645 463 2707 Sanctorum
494 2646 618 2707 meritis
649 2646 857 2722 confidentes
888 2646 1036 2708 omnibus
1067 2644 1266 2726 parochianis
1290 2622 1398 2726 {ffb

117 2744 236 2803 nostris
260 2747 294 2803 et
316 2741 389 2803 aliis
413 2762 550 2823 quorum
573 2743 745 2803 dioecesani
768 2740 850 2803 hanc
866 2747 1009 2803 nostram
1024 2741 1267 2824 indulgenciam

116 2843 220 2898 ratam
236 2835 422 2913 habuerint,
438 2838 479 2898 de
494 2839 634 2918 peccatis
658 2839 724 2899 suis
746 2858 821 2899 vere
845 2838 1003 2914 contritiS,
1018 2838 1265 2919 penitentibus,

117 2939 152 2994 et
167 2932 330 3010 confessis,
347 2934 404 3014 qui
420 2933 515 3015 juxta
530 2932 789 2995 exhortacionem
804 2938 948 3011 nostram
963 2934 1148 3014 praedictam
1164 2934 1266 2996 eccle-

117 3030 200 3090 siam
214 3029 430 3092 relevaverint
445 3037 666 3108 memoratam,
679 3036 713 3091 et
728 3030 768 3090 ad
783 3029 936 3091 fabricam
952 3029 1100 3111 ejusdem
1116 3029 1156 3090 de
1171 3029 1264 3091 bonis

116 3124 208 3187 sibia
223 3125 291 3186 Deo
300 3125 425 3186 collatis
435 3147 550 3187 manus
560 3127 759 3207 porrexerint
772 3125 957 3206 adjutrices
967 3125 1180 3207 quadraginta
1195 3124 1263 3187 dies
1289 3136 1437 3196 indulgence

115 3221 155 3281 de
172 3219 320 3302 injuncta
342 3221 403 3282 tibi
420 3223 626 3302 poenitencia,
644 3222 713 3283 Deo
728 3223 881 3302 propici0‚
897 3220 1147 3281 misericorditer
1162 3221 1265 3280 relax·
1288 3198 1385 3314 gngrty

114 3337 217 3392 amuS,
233 3318 457 3399 indulgencias
480 3340 499 3379 a
515 3317 752 3380 venerabilibus
768 3318 914 3398 patribus
932 3316 1128 3397 coepiscopis
1143 3317 1264 3378 nostris

114 3413 208 3495 regni
223 3413 349 3496 Angliae
365 3415 405 3475 ad
421 3415 455 3475 id
470 3435 645 3493 concessas,
657 3419 691 3476 et
706 3415 741 3474 in
757 3420 924 3495 posterum
935 3412 1165 3488 concedendas,
1177 3422 1265 3474 ratas

114 3506 271 3570 habentes
286 3511 407 3591 pariter
423 3515 457 3571 et
472 3517 629 3591 acceptas.
660 3511 700 3571 ln
717 3509 821 3591 eujus,
838 3516 899 3585 etc.
938 3510 1022 3570 Data
1037 3509 1124 3589 apud
1140 3508 1264 3589 Scrobi,

113 3605 223 3666 Nonas
240 3605 345 3682 Junii,
359 3606 453 3668 Anno
468 3609 583 3690 graciae
598 3607 650 3668 Μο
664 3614 769 3684 000000,
786 3612 821 3669 et
835 3606 1043 3688 pontificatus
1059 3610 1121 3667 etc.

179 3796 352 3882 T(homas)
364 3805 427 3860 etc.
440 3800 569 3860 dilectis
581 3800 616 3859 in
629 3798 756 3862 Christo
770 3798 845 3860 filiis
861 3799 1003 3880 capitulo
1018 3802 1127 3860 nostro
1137 3798 1262 3879 Rypon’
1285 3813 1326 3870 (aa
1336 3811 1371 3870 a.)

111 3893 163 3955 vel
187 3893 258 3976 ejus
284 3896 369 3955 vices
400 3897 539 3978 gerenti,
567 3895 716 3974 salutem,
746 3896 897 3977 graciam,
923 3900 957 3957 et
986 3895 1258 3957 benediccionem.
1283 3871 1416 3989 Jssly¹1³⁰l

111 3991 261 4052 Liberate
285 3991 417 4052 domino
440 3990 582 4053 Johauni
608 3991 647 4053 de
675 3991 763 4053 Leek
788 4012 891 4053 unum
916 3992 1095 4053 tentorium
1122 3990 1259 4071 simplex
1285 4012 1366 4058 Latera

110 4105 239 4165 novum,
249 4088 346 4168 quod,
363 4088 454 4148 bonae
470 4089 632 4148 memoriae
642 4088 662 4150 J
665 4086 790 4149 ohanne
806 4089 1037 4169 praedecessore
1053 4092 1160 4148 nostro
1173 4087 1257 4147 viam
1283 4071 1435 4191 Quam)

110 4184 267 4244 universae
295 4184 400 4244 carnis
428 4185 581 4265 ingresse,
608 4204 707 4265 penes
732 4206 788 4246 vos
819 4185 938 4246 dicitur
966 4203 1034 4244 esse
1061 4181 1256 4262 depositum,
1283 4191 1372 4235 emino

108 4286 236 4341 retento
252 4280 393 4361 quodam
417 4279 480 4339 alio
502 4281 644 4341 tentorio
667 4280 779 4363 majori
796 4281 916 4362 duplici
933 4299 1099 4360 quousque
1122 4298 1141 4338 a
1163 4279 1256 4341 nobis
1282 4249 1426 4368 (Jg,‘,¹,⁶„L)‘⁶l'

108 4376 195 4438 aliud
211 4376 393 4438 habueritis
405 4377 440 4437 in
456 4377 628 4439 mandatis
668 4379 796 4441 Valete.
835 4380 918 4442 Data
933 4377 1020 4457 apud
1032 4377 1169 4455 Lanum,
1183 4375 1255 4439 Kal.
1281 4369 1393 4426 00000000

108 4473 128 4534 J
131 4471 199 4552 ulii,
215 4472 425 4554 pontificatus
440 4474 542 4535 nostri
557 4495 641 4536 anno
656 4476 769 4558 primo.
1283 4433 1413 4472 ‘mmm‘
1433 4504 1437 4516 ἱ
