3074 5032
239 324 414 378 amnuens
440 320 538 374 raon
565 320 661 372 votur
688 319 899 385 ansisraas3
926 321 1078 373 namon.
1286 368 1288 374 ,
1335 297 1406 369 109
1517 384 1519 389 y

302 643 551 699 'AROHBISHOP
574 640 756 696 MELTON'S
781 641 994 698 summme

282 771 387 841 (Duco.
400 771 477 824 Mon.
491 771 583 824 Auen.
597 784 655 823 svo
667 769 747 822 Hrsr.
762 770 844 824 corr.
858 770 911 824 On.
924 771 1041 841 Rrrorr.)

149 904 190 967 In
205 904 267 965 Dei
282 903 435 977 Nomine,
449 902 563 963 Amen.
609 902 703 963 Licet
725 903 860 983 antiqua
884 907 1069 964 sanctorum
1095 901 1232 964 Patrum
1258 898 1403 1005 51⁰⁰lgg)1-2

81 1001 261 1064 decreverit
281 999 467 1075 auctoritas,
488 997 585 1079 quod,
604 998 661 1078 qui
684 997 807 1058 clavem
830 1001 962 1080 gestant
983 998 1019 1058 in
1043 998 1138 1059 domo
1160 999 1232 1076 Dei,
1258 972 1369 1063 radias.
1402 991 1408 1003 ’

81 1103 174 1160 extra
188 1095 391 1157 mansionem
406 1094 514 1176 vagari
529 1113 595 1154 non
610 1092 742 1171 debent,
759 1093 814 1154 sed
829 1093 936 1173 parati
949 1093 986 1153 in
1002 1094 1143 1155 stacione
1159 1113 1235 1169 con·
1262 1098 1388 1168 ordinacio

80 1195 188 1270 tinua,
211 1194 363 1253 vocantes
393 1194 427 1251 et
456 1210 522 1251 non
545 1192 708 1264 vocantes,
734 1189 799 1249 suis
827 1185 1115 1266 exhortationibus,
1141 1191 1234 1272 quasi
1262 1157 1388 1274 'dimo

80 1293 227 1372 pastores
251 1286 379 1362 soliciti,
401 1286 443 1346 ad
467 1305 500 1346 se
523 1283 645 1346 debent
663 1281 801 1360 trahere,
824 1304 881 1364 per
906 1285 1153 1347 elemosinarum
1171 1284 1234 1347 lar-
1262 1273 1353 1333 R²l²⁰'²'·

81 1384 226 1467 giciones
264 1401 447 1463 pauperum
484 1380 736 1442 necessitatibus
767 1379 947 1457 subvenire,
977 1379 1234 1463 hospitalitatem
1259 1357 1405 1470 fhffiffism.

83 1487 206 1556 tenere,
231 1483 265 1540 et
289 1478 355 1539 alia
377 1497 473 1558 opera
495 1477 641 1557 pietatis,
665 1476 750 1536 sicut
776 1475 1006 1538 ecclesiasticos
1027 1477 1121 1540 decet
1141 1478 1235 1556 viros,
1258 1475 1361 1579 aanor
1379 1537 1402 1578 u

85 1595 249 1638 excercere
272 1574 534 1649 misericorditer,
557 1571 701 1633 infirmos
717 1572 859 1649 visitare,
875 1575 909 1632 et
930 1573 1053 1653 pecoris
1076 1573 1126 1634 sui
1143 1573 1236 1653 spiri·
1288 1548 1324 1580 en
1337 1547 1378 1592 ⁹⁰⁵
1403 1565 1411 1579 ⁹

83 1670 195 1749 tualis,
210 1668 302 1752 cujus
319 1668 448 1730 vultum
470 1671 626 1729 tenentur
647 1686 831 1749 agnoscere,
847 1667 946 1728 saluti
969 1668 1134 1730 consulere
1156 1688 1235 1749 quo·

85 1770 174 1829 ciens
190 1765 353 1848 indigebit
368 1762 501 1825 consilio
517 1764 662 1825 salutari.
1299 1841 1301 1845 .

153 1861 236 1924 Sane
267 1881 325 1922 nos
355 1859 551 1937 Willelmus,
574 1858 785 1941 permissione
809 1858 928 1919 Divina
953 1862 1027 1936 etc,
1050 1858 1174 1921 dudum
1200 1859 1236 1920 in
1260 1865 1377 1913 Wehave

88 1958 223 2021 ecclesia
245 1962 355 2020 nostra
378 1956 551 2038 collegiata
574 1953 698 2036 Rypon'
721 1954 922 2016 visitacionis
936 1960 1053 2017 nostrae
1069 1956 1236 2018 ordinariae
1260 1926 1412 2043 {2¹2¹}ssth

86 2054 238 2132 officium,
263 2055 347 2114 sicut
376 2053 417 2113 ad
443 2071 501 2113 nos
524 2051 695 2132 pertinuit,
720 2056 918 2128 exercentes,
940 2052 1044 2132 ipsam
1069 2053 1236 2115 ecclesiam
1262 2044 1348 2102 R³P⁰¹¹·

87 2154 231 2211 nostram
269 2149 429 2210 canonicis
467 2147 694 2224 residentibus
731 2147 928 2225 invenimus,
966 2150 1053 2230 quod
1089 2149 1238 2211 dolenter

87 2244 268 2321 referimus
300 2246 393 2326 quasi
429 2245 562 2324 penitus
599 2243 788 2321 desolatam,
826 2264 1023 2326 quamquam
1059 2265 1135 2306 cura
1172 2265 1238 2305 non

87 2342 213 2403 modica
235 2341 359 2405 ibidem
381 2342 552 2402 immineat
567 2341 761 2417 animarum,
779 2341 908 2422 sintque
924 2342 1007 2403 inibi
1022 2361 1086 2402 non
1102 2342 1238 2402 modicae

89 2437 316 2499 aestimacionis
342 2440 528 2518 proventuS,
544 2457 623 2518 quos
649 2436 789 2517 eripiant
812 2438 957 2499 canonici
981 2442 1164 2520 evagantes,
1181 2438 1238 2518 qui

87 2534 199 2614 pocius
222 2534 361 2594 debeant
383 2531 600 2593 residentibus
615 2532 811 2596 ministrari:
834 2538 966 2615 propter
988 2534 1084 2615 quod,
1100 2534 1140 2594 de
1163 2553 1239 2594 con·

89 2629 162 2690 silio
177 2629 365 2711 peritorum,
382 2633 416 2689 et
438 2629 479 2689 de
495 2647 654 2688 consensu
677 2648 824 2710 expresso
846 2630 1076 2712 magistrorum
1102 2628 1239 2691 Roberti

87 2725 129 2786 de
155 2723 303 2802 Baldok,²
327 2724 461 2786 Roberti
486 2724 527 2784 de
552 2723 806 2805 Bridelington,³
829 2725 925 2786 dictae
951 2726 1093 2787 ecclesiae
1120 2731 1238 2787 nostrae

89 2820 316 2882 canonicorum
346 2823 379 2881 et
408 2818 713 2900 praebendariorum,
736 2840 845 2881 coram
869 2821 963 2882 nobis
989 2822 1239 2902 praesencialiter

88 2917 352 2991 constitutorum,
368 2918 402 2975 et
417 2915 553 2976 aliorum
569 2915 671 2995 ipsius
691 2914 832 2976 ecclesiae
852 2917 1078 2979 canonicorum
1093 2918 1239 2980 omnium
1264 2928 1386 2999 convoca-

89 3019 124 3076 et
139 3012 351 3096 singulorum,
367 3012 407 3072 ad
422 3011 625 3092 infrascripta
647 3011 856 3092 solempniter
871 3017 1127 3092 convocatorum,
1150 3060 1158 3076 .
1183 3059 1191 3077 .
1217 3015 1238 3076 .⁴
1264 2989 1404 3104 {ffsspffissh‘

89 3113 332 3191 procuratorum
347 3111 544 3187 potestatem
559 3109 594 3168 in
610 3104 669 3168 hac
685 3112 777 3187 parte
794 3106 1008 3169 sufficientem
1024 3114 1133 3171 nostra
1142 3130 1237 3191 repu-
1263 3105 1343 3150 house.

89 3206 217 3268 tacione
240 3204 473 3284 optinencium,
489 3204 524 3262 in
547 3204 642 3265 domo
657 3202 826 3282 capitulari
841 3202 942 3282 ipsius
958 3203 1098 3264 ecclesiae
1113 3209 1240 3281 nostrae,

90 3303 254 3385 praemissa
276 3301 516 3385 convocacione,
538 3300 759 3381 solempnique
781 3298 893 3360 habito
915 3303 1067 3377 tractatu,
1084 3305 1118 3362 et
1136 3302 1240 3362 causis

91 3397 260 3480 praesentis
283 3397 497 3458 ordinacionis
512 3400 629 3456 nostrae
645 3395 741 3457 tactis
765 3395 854 3457 etad
876 3395 1012 3477 plenum
1027 3396 1189 3475 discussiS,
1206 3403 1241 3458 et

92 3514 150 3574 per
164 3513 221 3554 nos
237 3492 403 3575 legitime⁵
419 3490 613 3572 approbatis,
630 3491 720 3552 etde
743 3511 902 3553 consensu
917 3493 1064 3553 omnium
1080 3496 1114 3557 et
1130 3493 1241 3576 singu·

149 3645 191 3712 (1)
211 3642 357 3698 Oorrected
382 3643 435 3695 and
459 3642 608 3712 completed
633 3641 703 3696 from
726 3645 774 3697 the
798 3642 912 3714 original
933 3645 1067 3715 Register.
1116 3645 1241 3715 Dugdalo

93 3723 199 3794 printed
212 3723 235 3775 it
246 3721 317 3774 from
330 3721 391 3775 Pat.
402 3722 428 3787 6,
438 3721 517 3774 Edw.
526 3721 579 3774 III.
592 3727 654 3792 part
665 3721 713 3788 iii,
725 3723 835 3776 membr.
848 3725 874 3791 2,
887 3723 975 3778 where
987 3723 1044 3777 itis
1060 3724 1196 3779 recitedin
1205 3742 1241 3778 an

95 3802 270 3871 Inspeximua

149 3881 192 3949 (2)
211 3879 263 3932 Mr.
277 3878 347 3931 Rob.
361 3877 492 3944 Baldoclr,
502 3879 593 3931 'rector
605 3877 637 3930 of
651 3876 795 3946 Bradford,
808 3877 862 3932 had
880 3877 981 3933 licence
993 3877 1023 3932 of
1038 3878 1240 3932 non-residence

95 3957 168 4028 Sept.
182 3958 226 4025 24,
240 3957 318 4010 1330.
355 3958 421 4024 Req.
435 3957 546 4009 Medon.
562 3956 641 4008 Fasti
651 3956 731 4009 Ebor.
745 3957 806 4008 420.

148 4036 190 4104 (3)
210 4035 322 4088 Privato
334 4033 460 4104 chaplain
472 4034 526 4086 and
538 4033 673 4086 seneschal
685 4033 716 4086 of
725 4033 771 4086 the
784 4033 954 4103 archbishop,
966 4048 1053 4086 canon
1065 4033 1096 4087 of
1104 4033 1242 4087 Nunwick

95 4120 124 4167 at
144 4113 243 4183 Ripon,
255 4112 437 4181 Woodburgh
455 4116 485 4164 at
507 4111 667 4179 southwell,
686 4111 739 4165 and
760 4111 848 4165 South
870 4110 1003 4164 Newbeld
1025 4117 1054 4164 at
1071 4111 1155 4165 York.
1186 4111 1243 4166 See

95 4192 202 4244 further
215 4190 244 4242 in
256 4191 336 4244 Fasti
347 4191 428 4243 Ebor.
442 4191 493 4244 431
507 4207 533 4243 n.
1192 4199 1195 4203 ’

150 4269 191 4338 (4)
209 4267 307 4321 Halia
319 4267 372 4321 line
384 4268 447 4322 here
458 4266 508 4321 left
520 4272 619 4322 vacant
630 4265 659 4320 in
671 4265 741 4332 MS,
753 4266 794 4320 for
805 4283 897 4320 names
909 4265 940 4319 ol
950 4271 1079 4338 proctors.

151 4349 194 4415 (5)
215 4346 251 4400 So
270 4346 299 4400 in
319 4347 444 4416 Dugdale
464 4347 515 4402 but
533 4351 582 4402 not
601 4346 630 4402 in
642 4344 712 4415 MS,
724 4345 772 4400 the
789 4344 899 4416 reading
918 4345 949 4401 of
967 4344 1058 4402 which
1077 4346 1203 4404 however
1220 4349 1244 4404 is

98 4424 234 4479 doubtful.
1019 4430 1021 4434 ·
