<?xml version="1.0" encoding="UTF-8"?>
<!DOCTYPE html PUBLIC "-//W3C//DTD XHTML 1.0 Transitional//EN"
    "http://www.w3.org/TR/xhtml1/DTD/xhtml1-transitional.dtd">
<html xmlns="http://www.w3.org/1999/xhtml" xml:lang="en" lang="en">
 <head>
  <title>
</title>
<meta http-equiv="Content-Type" content="text/html;charset=utf-8" />
  <meta name='ocr-system' content='tesseract 3.04.00' />
  <meta name='ocr-capabilities' content='ocr_page ocr_carea ocr_par ocr_line ocrx_word'/>
</head>
<body>
  <div class='ocr_page' id='page_1' title='image "./memorialschurch02fowlgoog_0132.png"; bbox 0 0 3074 5032; ppageno 0'>
   <div class='ocr_carea' id='block_1_1' title="bbox 279 320 1436 400">
    <p class='ocr_par' dir='ltr' id='par_1_1' title="bbox 279 320 1436 400">
     <span class='ocr_line' id='line_1_1' title="bbox 279 320 1436 400; baseline 0.008 -17"><span class='ocrx_word' id='word_1_1' title='bbox 279 333 451 384; x_wconf 79' lang='lat' dir='ltr'>nxraacrs</span> <span class='ocrx_word' id='word_1_2' title='bbox 477 333 575 383; x_wconf 85' lang='lat' dir='ltr'>raou</span> <span class='ocrx_word' id='word_1_3' title='bbox 601 332 696 384; x_wconf 83' lang='lat' dir='ltr'>roan</span> <span class='ocrx_word' id='word_1_4' title='bbox 722 332 931 400; x_wconf 83' lang='lat' dir='ltr'>uncrsrnas;</span> <span class='ocrx_word' id='word_1_5' title='bbox 959 335 1111 388; x_wconf 80' lang='lat' dir='ltr'>namon.</span> <span class='ocrx_word' id='word_1_6' title='bbox 1366 320 1436 392; x_wconf 83' lang='lat'>115</span> 
     </span>
    </p>
   </div>
   <div class='ocr_carea' id='block_1_2' title="bbox 67 499 1449 1538">
    <p class='ocr_par' dir='ltr' id='par_1_2' title="bbox 115 499 1441 585">
     <span class='ocr_line' id='line_1_2' title="bbox 115 499 1441 585; baseline 0.001 -24"><span class='ocrx_word' id='word_1_7' title='bbox 115 501 292 581; x_wconf 88' lang='lat' dir='ltr'>capellano,</span> <span class='ocrx_word' id='word_1_8' title='bbox 315 501 465 577; x_wconf 87' lang='lat' dir='ltr'>salutem,</span> <span class='ocrx_word' id='word_1_9' title='bbox 487 499 639 582; x_wconf 82' lang='lat' dir='ltr'>graciam,</span> <span class='ocrx_word' id='word_1_10' title='bbox 655 506 688 561; x_wconf 93' lang='lat' dir='ltr'>et</span> <span class='ocrx_word' id='word_1_11' title='bbox 704 500 973 564; x_wconf 81' lang='lat' dir='ltr'>benediccionem.</span> <span class='ocrx_word' id='word_1_12' title='bbox 1018 504 1069 565; x_wconf 91' lang='lat' dir='ltr'>Ad</span> <span class='ocrx_word' id='word_1_13' title='bbox 1090 512 1264 585; x_wconf 88' lang='lat' dir='ltr'>praesenta·</span> <span class='ocrx_word' id='word_1_14' title='bbox 1288 517 1441 562; x_wconf 58' lang='lat' dir='ltr'>carasio.</span> 
     </span>
    </p>

    <p class='ocr_par' dir='ltr' id='par_1_3' title="bbox 116 573 1399 679">
     <span class='ocr_line' id='line_1_3' title="bbox 116 573 1399 679; baseline 0.006 -22"><span class='ocrx_word' id='word_1_15' title='bbox 116 597 243 657; x_wconf 91' lang='lat' dir='ltr'>cionem</span> <span class='ocrx_word' id='word_1_16' title='bbox 272 596 404 657; x_wconf 89' lang='lat' dir='ltr'>discreti</span> <span class='ocrx_word' id='word_1_17' title='bbox 432 597 492 657; x_wconf 86' lang='lat' dir='ltr'>viri</span> <span class='ocrx_word' id='word_1_18' title='bbox 524 596 647 656; x_wconf 90' lang='lat' dir='ltr'>domini</span> <span class='ocrx_word' id='word_1_19' title='bbox 677 595 833 657; x_wconf 91' lang='lat' dir='ltr'>Willelmi</span> <span class='ocrx_word' id='word_1_20' title='bbox 859 598 900 660; x_wconf 90' lang='lat' dir='ltr'>de</span> <span class='ocrx_word' id='word_1_21' title='bbox 924 598 1094 679; x_wconf 87' lang='lat' dir='ltr'>Popleton,</span> <span class='ocrx_word' id='word_1_22' title='bbox 1121 601 1263 664; x_wconf 91' lang='lat' dir='ltr'>custodis</span> <span class='ocrx_word' id='word_1_23' title='bbox 1288 573 1399 674; x_wconf 29' lang='lat' dir='ltr'>Maru..</span> 
     </span>
    </p>

    <p class='ocr_par' dir='ltr' id='par_1_4' title="bbox 115 661 1431 778">
     <span class='ocr_line' id='line_1_4' title="bbox 115 661 1431 778; baseline 0.005 -26"><span class='ocrx_word' id='word_1_24' title='bbox 115 688 284 773; x_wconf 89' lang='lat' dir='ltr'>hospitalis</span> <span class='ocrx_word' id='word_1_25' title='bbox 300 692 409 753; x_wconf 88' lang='lat' dir='ltr'>Beatae</span> <span class='ocrx_word' id='word_1_26' title='bbox 420 692 532 753; x_wconf 87' lang='lat' dir='ltr'>Mariae</span> <span class='ocrx_word' id='word_1_27' title='bbox 552 691 755 774; x_wconf 89' lang='lat' dir='ltr'>Magdalenae</span> <span class='ocrx_word' id='word_1_28' title='bbox 771 692 896 774; x_wconf 77' lang='lat' dir='ltr'>Ripon&#39;,</span> <span class='ocrx_word' id='word_1_29' title='bbox 912 698 957 773; x_wconf 86' lang='lat' dir='ltr'>te,</span> <span class='ocrx_word' id='word_1_30' title='bbox 973 694 1014 756; x_wconf 92' lang='lat' dir='ltr'>de</span> <span class='ocrx_word' id='word_1_31' title='bbox 1029 693 1122 778; x_wconf 86' lang='lat' dir='ltr'>cujus</span> <span class='ocrx_word' id='word_1_32' title='bbox 1138 697 1262 758; x_wconf 89' lang='lat' dir='ltr'>meritis</span> <span class='ocrx_word' id='word_1_33' title='bbox 1287 661 1431 766; x_wconf 46' lang='lat' dir='ltr'>iiiam</span> 
     </span>
    </p>

    <p class='ocr_par' dir='ltr' id='par_1_5' title="bbox 114 780 1393 966">
     <span class='ocr_line' id='line_1_5' title="bbox 115 780 1393 884; baseline 0.004 -36"><span class='ocrx_word' id='word_1_34' title='bbox 115 793 149 848; x_wconf 91' lang='lat' dir='ltr'>et</span> <span class='ocrx_word' id='word_1_35' title='bbox 164 788 341 851; x_wconf 87' lang='lat' dir='ltr'>virtutibus</span> <span class='ocrx_word' id='word_1_36' title='bbox 358 789 513 849; x_wconf 81' lang='lat' dir='ltr'>sinceram</span> <span class='ocrx_word' id='word_1_37' title='bbox 528 789 564 849; x_wconf 96' lang='lat' dir='ltr'>in</span> <span class='ocrx_word' id='word_1_38' title='bbox 579 788 717 849; x_wconf 91' lang='lat' dir='ltr'>Domino</span> <span class='ocrx_word' id='word_1_39' title='bbox 740 788 891 850; x_wconf 88' lang='lat' dir='ltr'>fiduciam</span> <span class='ocrx_word' id='word_1_40' title='bbox 913 792 1109 872; x_wconf 90' lang='lat' dir='ltr'>optinemus‚</span> <span class='ocrx_word' id='word_1_41' title='bbox 1125 792 1172 855; x_wconf 90' lang='lat' dir='ltr'>ad</span> <span class='ocrx_word' id='word_1_42' title='bbox 1187 813 1261 874; x_wconf 88' lang='lat' dir='ltr'>per·</span> <span class='ocrx_word' id='word_1_43' title='bbox 1286 781 1366 884; x_wconf 63' lang='lat' dir='ltr'>Baria</span> <span class='ocrx_word' id='word_1_44' title='bbox 1388 780 1393 791; x_wconf 54' lang='lat'>¹</span> 
     </span>
     <span class='ocr_line' id='line_1_6' title="bbox 114 884 1373 966; baseline 0.006 -22"><span class='ocrx_word' id='word_1_45' title='bbox 114 887 249 964; x_wconf 90' lang='lat' dir='ltr'>petuam</span> <span class='ocrx_word' id='word_1_46' title='bbox 264 885 441 946; x_wconf 87' lang='lat' dir='ltr'>cantariam</span> <span class='ocrx_word' id='word_1_47' title='bbox 452 885 487 944; x_wconf 92' lang='lat' dir='ltr'>in</span> <span class='ocrx_word' id='word_1_48' title='bbox 503 884 625 965; x_wconf 88' lang='lat' dir='ltr'>capella</span> <span class='ocrx_word' id='word_1_49' title='bbox 640 884 720 946; x_wconf 90' lang='lat' dir='ltr'>dicti</span> <span class='ocrx_word' id='word_1_50' title='bbox 731 884 900 966; x_wconf 90' lang='lat' dir='ltr'>hospitalis</span> <span class='ocrx_word' id='word_1_51' title='bbox 915 906 972 966; x_wconf 88' lang='lat' dir='ltr'>pro</span> <span class='ocrx_word' id='word_1_52' title='bbox 983 887 1091 948; x_wconf 91' lang='lat' dir='ltr'>anima</span> <span class='ocrx_word' id='word_1_53' title='bbox 1102 887 1120 950; x_wconf 86' lang='lat' dir='ltr'>J</span> <span class='ocrx_word' id='word_1_54' title='bbox 1124 885 1261 950; x_wconf 89' lang='lat' dir='ltr'>ohannis</span> <span class='ocrx_word' id='word_1_55' title='bbox 1285 896 1373 942; x_wconf 65' lang='lat' dir='ltr'>Mario</span> 
     </span>
    </p>

    <p class='ocr_par' dir='ltr' id='par_1_6' title="bbox 67 954 1449 1073">
     <span class='ocr_line' id='line_1_7' title="bbox 67 954 1449 1073; baseline 0.006 -36"><span class='ocrx_word' id='word_1_56' title='bbox 67 964 71 970; x_wconf 42' lang='lat'>⁵</span> <span class='ocrx_word' id='word_1_57' title='bbox 114 977 145 1038; x_wconf 91' lang='lat' dir='ltr'>le</span> <span class='ocrx_word' id='word_1_58' title='bbox 160 978 316 1060; x_wconf 85' lang='lat' dir='ltr'>Waryner</span> <span class='ocrx_word' id='word_1_59' title='bbox 331 980 371 1041; x_wconf 94' lang='lat' dir='ltr'>de</span> <span class='ocrx_word' id='word_1_60' title='bbox 387 979 631 1062; x_wconf 85' lang='lat' dir='ltr'>Stodeleyroger</span> <span class='ocrx_word' id='word_1_61' title='bbox 645 979 686 1041; x_wconf 94' lang='lat' dir='ltr'>de</span> <span class='ocrx_word' id='word_1_62' title='bbox 707 1000 789 1042; x_wconf 93' lang='lat' dir='ltr'>novo</span> <span class='ocrx_word' id='word_1_63' title='bbox 811 979 982 1043; x_wconf 86' lang='lat' dir='ltr'>fundatam</span> <span class='ocrx_word' id='word_1_64' title='bbox 998 986 1033 1043; x_wconf 91' lang='lat' dir='ltr'>et</span> <span class='ocrx_word' id='word_1_65' title='bbox 1047 981 1117 1044; x_wconf 92' lang='lat' dir='ltr'>fieri</span> <span class='ocrx_word' id='word_1_66' title='bbox 1132 983 1261 1044; x_wconf 91' lang='lat' dir='ltr'>ordina·</span> <span class='ocrx_word' id='word_1_67' title='bbox 1285 954 1432 1073; x_wconf 55' lang='lat' dir='ltr'>iiffim</span> <span class='ocrx_word' id='word_1_68' title='bbox 1448 998 1449 1002; x_wconf 76' lang='grc'>’</span> 
     </span>
    </p>

    <p class='ocr_par' dir='ltr' id='par_1_7' title="bbox 114 1075 1262 1155">
     <span class='ocr_line' id='line_1_8' title="bbox 114 1075 1262 1155; baseline 0.006 -21"><span class='ocrx_word' id='word_1_69' title='bbox 114 1078 184 1134; x_wconf 93' lang='lat' dir='ltr'>tam</span> <span class='ocrx_word' id='word_1_70' title='bbox 210 1095 246 1136; x_wconf 91' lang='lat' dir='ltr'>ac</span> <span class='ocrx_word' id='word_1_71' title='bbox 270 1095 328 1155; x_wconf 90' lang='lat' dir='ltr'>per</span> <span class='ocrx_word' id='word_1_72' title='bbox 351 1095 409 1136; x_wconf 87' lang='lat' dir='ltr'>nos</span> <span class='ocrx_word' id='word_1_73' title='bbox 436 1075 668 1152; x_wconf 87' lang='lat' dir='ltr'>confirmatam,</span> <span class='ocrx_word' id='word_1_74' title='bbox 699 1079 878 1153; x_wconf 86' lang='lat' dir='ltr'>vacantem,</span> <span class='ocrx_word' id='word_1_75' title='bbox 908 1077 1112 1139; x_wconf 75' lang='lat' dir='ltr'>admittimus</span> <span class='ocrx_word' id='word_1_76' title='bbox 1137 1079 1262 1141; x_wconf 90' lang='lat' dir='ltr'>intuitu</span> 
     </span>
    </p>

    <p class='ocr_par' dir='ltr' id='par_1_8' title="bbox 114 1170 1260 1253">
     <span class='ocr_line' id='line_1_9' title="bbox 114 1170 1260 1253; baseline 0.005 -23"><span class='ocrx_word' id='word_1_77' title='bbox 114 1170 267 1245; x_wconf 88' lang='lat' dir='ltr'>caritatis,</span> <span class='ocrx_word' id='word_1_78' title='bbox 284 1174 318 1231; x_wconf 88' lang='lat' dir='ltr'>et</span> <span class='ocrx_word' id='word_1_79' title='bbox 339 1170 542 1250; x_wconf 84' lang='lat' dir='ltr'>capellanum</span> <span class='ocrx_word' id='word_1_80' title='bbox 563 1175 757 1251; x_wconf 90' lang='lat' dir='ltr'>perpetuum</span> <span class='ocrx_word' id='word_1_81' title='bbox 775 1170 871 1253; x_wconf 87' lang='lat' dir='ltr'>juxta</span> <span class='ocrx_word' id='word_1_82' title='bbox 894 1171 1030 1234; x_wconf 89' lang='lat' dir='ltr'>formam</span> <span class='ocrx_word' id='word_1_83' title='bbox 1047 1174 1260 1248; x_wconf 82' lang='lat' dir='ltr'>ordinacionis</span> 
     </span>
    </p>

    <p class='ocr_par' dir='ltr' id='par_1_9' title="bbox 113 1264 1260 1352">
     <span class='ocr_line' id='line_1_10' title="bbox 113 1264 1260 1352; baseline 0.006 -28"><span class='ocrx_word' id='word_1_84' title='bbox 113 1264 299 1326; x_wconf 84' lang='lat' dir='ltr'>indefectae</span> <span class='ocrx_word' id='word_1_85' title='bbox 321 1265 526 1327; x_wconf 87' lang='lat' dir='ltr'>instituimus</span> <span class='ocrx_word' id='word_1_86' title='bbox 549 1267 701 1327; x_wconf 90' lang='lat' dir='ltr'>canonice</span> <span class='ocrx_word' id='word_1_87' title='bbox 723 1267 758 1328; x_wconf 91' lang='lat' dir='ltr'>in</span> <span class='ocrx_word' id='word_1_88' title='bbox 781 1267 904 1330; x_wconf 89' lang='lat' dir='ltr'>eadem.</span> <span class='ocrx_word' id='word_1_89' title='bbox 950 1268 1039 1331; x_wconf 88' lang='lat' dir='ltr'>Vale.</span> <span class='ocrx_word' id='word_1_90' title='bbox 1084 1269 1159 1333; x_wconf 82' lang='lat' dir='ltr'>Dat.</span> <span class='ocrx_word' id='word_1_91' title='bbox 1174 1271 1260 1352; x_wconf 90' lang='lat' dir='ltr'>apud</span> 
     </span>
    </p>

    <p class='ocr_par' dir='ltr' id='par_1_10' title="bbox 114 1358 1258 1446">
     <span class='ocr_line' id='line_1_11' title="bbox 114 1358 1258 1446; baseline 0.004 -24"><span class='ocrx_word' id='word_1_92' title='bbox 114 1358 256 1435; x_wconf 86' lang='lat' dir='ltr'>Cawode,</span> <span class='ocrx_word' id='word_1_93' title='bbox 280 1359 315 1442; x_wconf 92' lang='lat' dir='ltr'>iij</span> <span class='ocrx_word' id='word_1_94' title='bbox 343 1361 427 1422; x_wconf 91' lang='lat' dir='ltr'>Non.</span> <span class='ocrx_word' id='word_1_95' title='bbox 455 1361 579 1438; x_wconf 88' lang='lat' dir='ltr'>Marcii,</span> <span class='ocrx_word' id='word_1_96' title='bbox 604 1362 697 1422; x_wconf 91' lang='lat' dir='ltr'>Anno</span> <span class='ocrx_word' id='word_1_97' title='bbox 723 1362 856 1424; x_wconf 90' lang='lat' dir='ltr'>Domini</span> <span class='ocrx_word' id='word_1_98' title='bbox 879 1369 940 1427; x_wconf 89' lang='lat' dir='ltr'>etc.</span> <span class='ocrx_word' id='word_1_99' title='bbox 963 1364 1085 1446; x_wconf 82' lang='lat' dir='ltr'>xxxiiij,</span> <span class='ocrx_word' id='word_1_100' title='bbox 1109 1369 1144 1427; x_wconf 95' lang='lat' dir='ltr'>et</span> <span class='ocrx_word' id='word_1_101' title='bbox 1167 1371 1258 1446; x_wconf 92' lang='lat' dir='ltr'>pont.</span> 
     </span>
    </p>

    <p class='ocr_par' dir='ltr' id='par_1_11' title="bbox 114 1456 332 1538">
     <span class='ocr_line' id='line_1_12' title="bbox 114 1456 332 1538; baseline 0.009 -22"><span class='ocrx_word' id='word_1_102' title='bbox 114 1457 216 1517; x_wconf 90' lang='lat' dir='ltr'>nostri</span> <span class='ocrx_word' id='word_1_103' title='bbox 231 1456 332 1538; x_wconf 89' lang='lat' dir='ltr'>xviij⁰.</span> 
     </span>
    </p>
   </div>
   <div class='ocr_carea' id='block_1_3' title="bbox 179 1550 1202 1641">
    <p class='ocr_par' dir='ltr' id='par_1_12' title="bbox 179 1550 1202 1641">
     <span class='ocr_line' id='line_1_13' title="bbox 179 1550 1202 1641; baseline 0.007 -28"><span class='ocrx_word' id='word_1_104' title='bbox 179 1550 350 1635; x_wconf 65' lang='lat' dir='ltr'>(Mamaos</span> <span class='ocrx_word' id='word_1_105' title='bbox 362 1551 459 1616; x_wconf 79' lang='lat' dir='ltr'>order</span> <span class='ocrx_word' id='word_1_106' title='bbox 468 1551 529 1634; x_wconf 81' lang='lat' dir='ltr'>for</span> <span class='ocrx_word' id='word_1_107' title='bbox 544 1550 727 1614; x_wconf 71' lang='lat' dir='ltr'>indication</span> <span class='ocrx_word' id='word_1_108' title='bbox 744 1551 783 1634; x_wconf 71' lang='lat' dir='ltr'>by</span> <span class='ocrx_word' id='word_1_109' title='bbox 800 1551 851 1616; x_wconf 81' lang='lat' dir='ltr'>tbe</span> <span class='ocrx_word' id='word_1_110' title='bbox 866 1559 874 1641; x_wconf 65' lang='lat' dir='ltr'>f</span> <span class='ocrx_word' id='word_1_111' title='bbox 888 1553 993 1618; x_wconf 80' lang='lat' dir='ltr'>dcua’</span> <span class='ocrx_word' id='word_1_112' title='bbox 1008 1554 1047 1639; x_wconf 90' lang='lat' dir='ltr'>of</span> <span class='ocrx_word' id='word_1_113' title='bbox 1059 1554 1202 1641; x_wconf 66' lang='lat' dir='ltr'>Rrpoa.)</span> 
     </span>
    </p>
   </div>
   <div class='ocr_carea' id='block_1_4' title="bbox 106 1711 1431 4272">
    <p class='ocr_par' dir='ltr' id='par_1_13' title="bbox 106 1711 1431 4085">
     <span class='ocr_line' id='line_1_14' title="bbox 180 1711 1386 1796; baseline 0 -23"><span class='ocrx_word' id='word_1_114' title='bbox 180 1712 257 1774; x_wconf 90' lang='lat' dir='ltr'>Haec</span> <span class='ocrx_word' id='word_1_115' title='bbox 272 1714 445 1774; x_wconf 89' lang='lat' dir='ltr'>indentura</span> <span class='ocrx_word' id='word_1_116' title='bbox 459 1717 611 1789; x_wconf 86' lang='lat' dir='ltr'>testatur,</span> <span class='ocrx_word' id='word_1_117' title='bbox 624 1712 709 1794; x_wconf 92' lang='lat' dir='ltr'>quod</span> <span class='ocrx_word' id='word_1_118' title='bbox 720 1711 904 1774; x_wconf 92' lang='lat' dir='ltr'>Willelmus</span> <span class='ocrx_word' id='word_1_119' title='bbox 920 1712 960 1775; x_wconf 93' lang='lat' dir='ltr'>de</span> <span class='ocrx_word' id='word_1_120' title='bbox 976 1713 1145 1795; x_wconf 89' lang='lat' dir='ltr'>Popleton,</span> <span class='ocrx_word' id='word_1_121' title='bbox 1155 1734 1259 1796; x_wconf 87' lang='lat' dir='ltr'>nuper</span> <span class='ocrx_word' id='word_1_122' title='bbox 1283 1728 1341 1787; x_wconf 73' lang='lat'>(4³7</span> <span class='ocrx_word' id='word_1_123' title='bbox 1351 1729 1386 1787; x_wconf 69' lang='lat' dir='ltr'>a.)</span> 
     </span>
     <span class='ocr_line' id='line_1_15' title="bbox 113 1789 1411 1890; baseline 0.002 -22"><span class='ocrx_word' id='word_1_124' title='bbox 113 1808 267 1889; x_wconf 87' lang='lat' dir='ltr'>magister</span> <span class='ocrx_word' id='word_1_125' title='bbox 288 1806 457 1890; x_wconf 85' lang='lat' dir='ltr'>hospitalis</span> <span class='ocrx_word' id='word_1_126' title='bbox 473 1808 583 1869; x_wconf 88' lang='lat' dir='ltr'>Beatae</span> <span class='ocrx_word' id='word_1_127' title='bbox 598 1808 709 1870; x_wconf 87' lang='lat' dir='ltr'>Mariae</span> <span class='ocrx_word' id='word_1_128' title='bbox 724 1807 926 1890; x_wconf 87' lang='lat' dir='ltr'>Magdalenas</span> <span class='ocrx_word' id='word_1_129' title='bbox 940 1806 1068 1890; x_wconf 86' lang='lat' dir='ltr'>Ripon’,</span> <span class='ocrx_word' id='word_1_130' title='bbox 1084 1809 1208 1871; x_wconf 87' lang='lat' dir='ltr'>dimisit</span> <span class='ocrx_word' id='word_1_131' title='bbox 1223 1814 1257 1871; x_wconf 87' lang='lat' dir='ltr'>et</span> <span class='ocrx_word' id='word_1_132' title='bbox 1279 1789 1411 1890; x_wconf 53' lang='lat' dir='ltr'>{1&#39;{‘;‚¹1³f‚⁵‘</span> 
     </span>
     <span class='ocr_line' id='line_1_16' title="bbox 115 1902 1413 1987; baseline 0.006 -25"><span class='ocrx_word' id='word_1_133' title='bbox 115 1902 263 1965; x_wconf 88' lang='lat' dir='ltr'>liberavit</span> <span class='ocrx_word' id='word_1_134' title='bbox 278 1904 408 1965; x_wconf 89' lang='lat' dir='ltr'>domino</span> <span class='ocrx_word' id='word_1_135' title='bbox 417 1904 439 1966; x_wconf 87' lang='lat' dir='ltr'><strong>J</strong></span> <span class='ocrx_word' id='word_1_136' title='bbox 440 1902 560 1965; x_wconf 91' lang='lat' dir='ltr'>ohanni</span> <span class='ocrx_word' id='word_1_137' title='bbox 575 1904 615 1965; x_wconf 92' lang='lat' dir='ltr'>de</span> <span class='ocrx_word' id='word_1_138' title='bbox 624 1903 798 1981; x_wconf 87' lang='lat' dir='ltr'>Welleton,</span> <span class='ocrx_word' id='word_1_139' title='bbox 813 1921 900 1963; x_wconf 89' lang='lat' dir='ltr'>nunc</span> <span class='ocrx_word' id='word_1_140' title='bbox 914 1904 1070 1986; x_wconf 89' lang='lat' dir='ltr'>magistro</span> <span class='ocrx_word' id='word_1_141' title='bbox 1084 1902 1254 1987; x_wconf 87' lang='lat' dir='ltr'>hospitalis</span> <span class='ocrx_word' id='word_1_142' title='bbox 1282 1925 1413 1970; x_wconf 70' lang='lat' dir='ltr'>ranarum</span> 
     </span>
     <span class='ocr_line' id='line_1_17' title="bbox 112 1983 1399 2088; baseline 0.003 -30"><span class='ocrx_word' id='word_1_143' title='bbox 112 1997 268 2078; x_wconf 86' lang='lat' dir='ltr'>praedicti,</span> <span class='ocrx_word' id='word_1_144' title='bbox 298 2000 405 2060; x_wconf 89' lang='lat' dir='ltr'>omnia</span> <span class='ocrx_word' id='word_1_145' title='bbox 442 1998 653 2080; x_wconf 87' lang='lat' dir='ltr'>infrascripta,</span> <span class='ocrx_word' id='word_1_146' title='bbox 684 1996 846 2073; x_wconf 88' lang='lat' dir='ltr'>videlicet,</span> <span class='ocrx_word' id='word_1_147' title='bbox 876 1998 940 2059; x_wconf 89' lang='lat' dir='ltr'>duo</span> <span class='ocrx_word' id='word_1_148' title='bbox 970 1999 1122 2081; x_wconf 85' lang='lat' dir='ltr'>gradalia,</span> <span class='ocrx_word' id='word_1_149' title='bbox 1153 2020 1256 2063; x_wconf 89' lang='lat' dir='ltr'>unum</span> <span class='ocrx_word' id='word_1_150' title='bbox 1280 1983 1399 2088; x_wconf 43' lang='lat' dir='ltr'>2925?ss</span> 
     </span>
     <span class='ocr_line' id='line_1_18' title="bbox 111 2092 1367 2177; baseline 0.005 -25"><span class='ocrx_word' id='word_1_151' title='bbox 111 2092 301 2173; x_wconf 85' lang='lat' dir='ltr'>psalterium</span> <span class='ocrx_word' id='word_1_152' title='bbox 312 2093 485 2177; x_wconf 85' lang='lat' dir='ltr'>glosatum,</span> <span class='ocrx_word' id='word_1_153' title='bbox 495 2114 598 2155; x_wconf 90' lang='lat' dir='ltr'>unum</span> <span class='ocrx_word' id='word_1_154' title='bbox 615 2093 796 2174; x_wconf 88' lang='lat' dir='ltr'>epistolare,</span> <span class='ocrx_word' id='word_1_155' title='bbox 808 2112 911 2154; x_wconf 90' lang='lat' dir='ltr'>unum</span> <span class='ocrx_word' id='word_1_156' title='bbox 923 2093 1042 2155; x_wconf 92' lang='lat' dir='ltr'>librum</span> <span class='ocrx_word' id='word_1_157' title='bbox 1057 2096 1165 2177; x_wconf 92' lang='lat' dir='ltr'>inquo</span> <span class='ocrx_word' id='word_1_158' title='bbox 1180 2117 1256 2158; x_wconf 88' lang='lat' dir='ltr'>con·</span> <span class='ocrx_word' id='word_1_159' title='bbox 1280 2101 1367 2146; x_wconf 67' lang='lat' dir='ltr'>Maria</span> 
     </span>
     <span class='ocr_line' id='line_1_19' title="bbox 112 2158 1406 2277; baseline 0.004 -29"><span class='ocrx_word' id='word_1_160' title='bbox 112 2190 260 2250; x_wconf 90' lang='lat' dir='ltr'>tinentur</span> <span class='ocrx_word' id='word_1_161' title='bbox 283 2190 398 2271; x_wconf 88' lang='lat' dir='ltr'>aliquae</span> <span class='ocrx_word' id='word_1_162' title='bbox 424 2191 530 2251; x_wconf 88' lang='lat' dir='ltr'>missae</span> <span class='ocrx_word' id='word_1_163' title='bbox 551 2194 585 2251; x_wconf 90' lang='lat' dir='ltr'>et</span> <span class='ocrx_word' id='word_1_164' title='bbox 609 2185 757 2265; x_wconf 79' lang='lat' dir='ltr'>Placebo,</span> <span class='ocrx_word' id='word_1_165' title='bbox 781 2185 911 2269; x_wconf 70' lang='lat' dir='ltr'>Dirige,</span> <span class='ocrx_word' id='word_1_166' title='bbox 937 2209 1040 2250; x_wconf 92' lang='lat' dir='ltr'>unum</span> <span class='ocrx_word' id='word_1_167' title='bbox 1067 2192 1256 2272; x_wconf 83' lang='lat' dir='ltr'>troparium,</span> <span class='ocrx_word' id='word_1_168' title='bbox 1280 2158 1406 2277; x_wconf 48' lang='lat' dir='ltr'>diffide</span> 
     </span>
     <span class='ocr_line' id='line_1_20' title="bbox 110 2276 1377 2381; baseline 0.003 -37"><span class='ocrx_word' id='word_1_169' title='bbox 110 2288 249 2364; x_wconf 89' lang='lat' dir='ltr'>quatuor</span> <span class='ocrx_word' id='word_1_170' title='bbox 271 2285 444 2367; x_wconf 91' lang='lat' dir='ltr'>corporalia</span> <span class='ocrx_word' id='word_1_171' title='bbox 466 2305 541 2346; x_wconf 91' lang='lat' dir='ltr'>cum</span> <span class='ocrx_word' id='word_1_172' title='bbox 564 2283 688 2345; x_wconf 92' lang='lat' dir='ltr'>duobus</span> <span class='ocrx_word' id='word_1_173' title='bbox 711 2283 847 2361; x_wconf 89' lang='lat' dir='ltr'>casibus,</span> <span class='ocrx_word' id='word_1_174' title='bbox 870 2304 974 2345; x_wconf 93' lang='lat' dir='ltr'>unum</span> <span class='ocrx_word' id='word_1_175' title='bbox 998 2285 1137 2363; x_wconf 89' lang='lat' dir='ltr'>missale,</span> <span class='ocrx_word' id='word_1_176' title='bbox 1153 2307 1254 2348; x_wconf 90' lang='lat' dir='ltr'>unum</span> <span class='ocrx_word' id='word_1_177' title='bbox 1280 2276 1377 2381; x_wconf 49' lang='lat'>{2223}</span> 
     </span>
     <span class='ocr_line' id='line_1_21' title="bbox 109 2378 1369 2464; baseline 0.004 -25"><span class='ocrx_word' id='word_1_178' title='bbox 109 2378 383 2460; x_wconf 87' lang='lat' dir='ltr'>antiphonarium,</span> <span class='ocrx_word' id='word_1_179' title='bbox 414 2382 557 2462; x_wconf 91' lang='lat' dir='ltr'>quinque</span> <span class='ocrx_word' id='word_1_180' title='bbox 581 2379 679 2455; x_wconf 88' lang='lat' dir='ltr'>albas,</span> <span class='ocrx_word' id='word_1_181' title='bbox 706 2379 848 2460; x_wconf 90' lang='lat' dir='ltr'>quinque</span> <span class='ocrx_word' id='word_1_182' title='bbox 874 2380 990 2440; x_wconf 89' lang='lat' dir='ltr'>amitas</span> <span class='ocrx_word' id='word_1_183' title='bbox 1019 2401 1094 2443; x_wconf 92' lang='lat' dir='ltr'>cum</span> <span class='ocrx_word' id='word_1_184' title='bbox 1119 2382 1254 2463; x_wconf 90' lang='lat' dir='ltr'>paruris,</span> <span class='ocrx_word' id='word_1_185' title='bbox 1280 2393 1369 2464; x_wconf 55' lang='lat' dir='ltr'>aldem</span> 
     </span>
     <span class='ocr_line' id='line_1_22' title="bbox 110 2451 1430 2556; baseline 0.004 -21"><span class='ocrx_word' id='word_1_186' title='bbox 110 2493 247 2556; x_wconf 90' lang='lat' dir='ltr'>quarum</span> <span class='ocrx_word' id='word_1_187' title='bbox 258 2495 327 2537; x_wconf 90' lang='lat' dir='ltr'>una</span> <span class='ocrx_word' id='word_1_188' title='bbox 339 2477 465 2554; x_wconf 91' lang='lat' dir='ltr'>debilis,</span> <span class='ocrx_word' id='word_1_189' title='bbox 477 2477 557 2537; x_wconf 89' lang='lat' dir='ltr'>duas</span> <span class='ocrx_word' id='word_1_190' title='bbox 568 2475 676 2552; x_wconf 88' lang='lat' dir='ltr'>stolas,</span> <span class='ocrx_word' id='word_1_191' title='bbox 687 2476 767 2536; x_wconf 88' lang='lat' dir='ltr'>duas</span> <span class='ocrx_word' id='word_1_192' title='bbox 783 2474 917 2550; x_wconf 89' lang='lat' dir='ltr'>fanulas,</span> <span class='ocrx_word' id='word_1_193' title='bbox 928 2478 993 2537; x_wconf 87' lang='lat' dir='ltr'>tres</span> <span class='ocrx_word' id='word_1_194' title='bbox 1008 2476 1142 2555; x_wconf 87' lang='lat' dir='ltr'>casulas,</span> <span class='ocrx_word' id='word_1_195' title='bbox 1152 2497 1255 2540; x_wconf 90' lang='lat' dir='ltr'>unum</span> <span class='ocrx_word' id='word_1_196' title='bbox 1281 2451 1430 2556; x_wconf 43' lang='lat' dir='ltr'>iniiam</span> 
     </span>
     <span class='ocr_line' id='line_1_23' title="bbox 110 2567 1431 2652; baseline -0.001 -23"><span class='ocrx_word' id='word_1_197' title='bbox 110 2570 388 2651; x_wconf 83' lang='lat' dir='ltr'>superpelliceum,</span> <span class='ocrx_word' id='word_1_198' title='bbox 409 2592 511 2633; x_wconf 92' lang='lat' dir='ltr'>unum</span> <span class='ocrx_word' id='word_1_199' title='bbox 527 2571 672 2648; x_wconf 87' lang='lat' dir='ltr'>calicem,</span> <span class='ocrx_word' id='word_1_200' title='bbox 688 2571 767 2632; x_wconf 89' lang='lat' dir='ltr'>duos</span> <span class='ocrx_word' id='word_1_201' title='bbox 782 2590 904 2652; x_wconf 86' lang='lat' dir='ltr'>pannos</span> <span class='ocrx_word' id='word_1_202' title='bbox 926 2591 984 2651; x_wconf 89' lang='lat' dir='ltr'>pro</span> <span class='ocrx_word' id='word_1_203' title='bbox 1007 2577 1136 2652; x_wconf 89' lang='lat' dir='ltr'>patena,</span> <span class='ocrx_word' id='word_1_204' title='bbox 1151 2592 1255 2634; x_wconf 91' lang='lat' dir='ltr'>unum</span> <span class='ocrx_word' id='word_1_205' title='bbox 1279 2567 1431 2628; x_wconf 59' lang='lat' dir='ltr'>ereptas,</span> 
     </span>
     <span class='ocr_line' id='line_1_24' title="bbox 110 2641 1394 2750; baseline 0.003 -24"><span class='ocrx_word' id='word_1_206' title='bbox 110 2685 245 2746; x_wconf 88' lang='lat' dir='ltr'>parvum</span> <span class='ocrx_word' id='word_1_207' title='bbox 262 2668 424 2728; x_wconf 91' lang='lat' dir='ltr'>scrineum</span> <span class='ocrx_word' id='word_1_208' title='bbox 441 2669 550 2729; x_wconf 88' lang='lat' dir='ltr'>Beatae</span> <span class='ocrx_word' id='word_1_209' title='bbox 564 2667 678 2728; x_wconf 89' lang='lat' dir='ltr'>Mariae</span> <span class='ocrx_word' id='word_1_210' title='bbox 687 2666 901 2750; x_wconf 86' lang='lat' dir='ltr'>Magdalenae,</span> <span class='ocrx_word' id='word_1_211' title='bbox 913 2667 949 2727; x_wconf 92' lang='lat' dir='ltr'>in</span> <span class='ocrx_word' id='word_1_212' title='bbox 960 2687 1024 2748; x_wconf 92' lang='lat' dir='ltr'>quo</span> <span class='ocrx_word' id='word_1_213' title='bbox 1040 2672 1090 2729; x_wconf 90' lang='lat' dir='ltr'>est</span> <span class='ocrx_word' id='word_1_214' title='bbox 1100 2668 1254 2750; x_wconf 90' lang='lat' dir='ltr'>scriptum</span> <span class='ocrx_word' id='word_1_215' title='bbox 1279 2641 1394 2731; x_wconf 56' lang='grc' dir='ltr'>Ῐῖερῖᾱιω</span> 
     </span>
     <span class='ocr_line' id='line_1_25' title="bbox 110 2743 1386 2845; baseline 0.002 -24"><span class='ocrx_word' id='word_1_216' title='bbox 110 2761 150 2822; x_wconf 96' lang='lat' dir='ltr'>de</span> <span class='ocrx_word' id='word_1_217' title='bbox 177 2762 300 2824; x_wconf 88' lang='lat' dir='ltr'>ossibus</span> <span class='ocrx_word' id='word_1_218' title='bbox 325 2762 434 2825; x_wconf 89' lang='lat' dir='ltr'>Beatae</span> <span class='ocrx_word' id='word_1_219' title='bbox 455 2764 568 2824; x_wconf 89' lang='lat' dir='ltr'>Mariae</span> <span class='ocrx_word' id='word_1_220' title='bbox 594 2762 798 2845; x_wconf 89' lang='lat' dir='ltr'>Magdalenae</span> <span class='ocrx_word' id='word_1_221' title='bbox 825 2765 860 2822; x_wconf 91' lang='lat' dir='ltr'>et</span> <span class='ocrx_word' id='word_1_222' title='bbox 883 2761 924 2823; x_wconf 94' lang='lat' dir='ltr'>de</span> <span class='ocrx_word' id='word_1_223' title='bbox 945 2763 1072 2824; x_wconf 87' lang='lat' dir='ltr'>sudario</span> <span class='ocrx_word' id='word_1_224' title='bbox 1099 2762 1255 2845; x_wconf 91' lang='lat' dir='ltr'>ejusdem,</span> <span class='ocrx_word' id='word_1_225' title='bbox 1279 2743 1386 2802; x_wconf 59' lang='lat' dir='ltr'>amam.</span> 
     </span>
     <span class='ocr_line' id='line_1_26' title="bbox 110 2857 1256 2942; baseline 0.002 -25"><span class='ocrx_word' id='word_1_226' title='bbox 110 2860 261 2937; x_wconf 82' lang='lat' dir='ltr'>quartum</span> <span class='ocrx_word' id='word_1_227' title='bbox 277 2858 397 2920; x_wconf 88' lang='lat' dir='ltr'>librum</span> <span class='ocrx_word' id='word_1_228' title='bbox 414 2858 658 2921; x_wconf 87' lang='lat' dir='ltr'>Sentenciarum</span> <span class='ocrx_word' id='word_1_229' title='bbox 671 2858 738 2919; x_wconf 92' lang='lat' dir='ltr'>sine</span> <span class='ocrx_word' id='word_1_230' title='bbox 749 2857 848 2940; x_wconf 88' lang='lat' dir='ltr'>glosa,</span> <span class='ocrx_word' id='word_1_231' title='bbox 861 2877 963 2919; x_wconf 89' lang='lat' dir='ltr'>unum</span> <span class='ocrx_word' id='word_1_232' title='bbox 975 2859 1181 2942; x_wconf 88' lang='lat' dir='ltr'>superaltare,</span> <span class='ocrx_word' id='word_1_233' title='bbox 1191 2859 1256 2922; x_wconf 91' lang='lat' dir='ltr'>duo</span> 
     </span>
     <span class='ocr_line' id='line_1_27' title="bbox 109 2951 1256 3035; baseline 0.003 -23"><span class='ocrx_word' id='word_1_234' title='bbox 109 2951 296 3014; x_wconf 84' lang='lat' dir='ltr'>ceroferaria</span> <span class='ocrx_word' id='word_1_235' title='bbox 310 2954 442 3031; x_wconf 88' lang='lat' dir='ltr'>debilia,</span> <span class='ocrx_word' id='word_1_236' title='bbox 459 2974 557 3015; x_wconf 90' lang='lat' dir='ltr'>unam</span> <span class='ocrx_word' id='word_1_237' title='bbox 580 2952 746 3028; x_wconf 86' lang='lat' dir='ltr'>clitellam,</span> <span class='ocrx_word' id='word_1_238' title='bbox 763 2972 863 3014; x_wconf 90' lang='lat' dir='ltr'>unam</span> <span class='ocrx_word' id='word_1_239' title='bbox 879 2951 998 3013; x_wconf 88' lang='lat' dir='ltr'>cofram</span> <span class='ocrx_word' id='word_1_240' title='bbox 1013 2972 1176 3035; x_wconf 86' lang='lat' dir='ltr'>magnam,</span> <span class='ocrx_word' id='word_1_241' title='bbox 1191 2955 1256 3016; x_wconf 90' lang='lat' dir='ltr'>duo</span> 
     </span>
     <span class='ocr_line' id='line_1_28' title="bbox 109 3045 1256 3128; baseline -0.001 -19"><span class='ocrx_word' id='word_1_242' title='bbox 109 3047 242 3128; x_wconf 91' lang='lat' dir='ltr'>plumba</span> <span class='ocrx_word' id='word_1_243' title='bbox 257 3055 347 3112; x_wconf 84' lang='lat' dir='ltr'>extra</span> <span class='ocrx_word' id='word_1_244' title='bbox 361 3050 515 3125; x_wconf 68' lang='lat' dir='ltr'>fornaces</span> <span class='ocrx_word' id='word_1_245' title='bbox 531 3049 611 3110; x_wconf 91' lang='lat' dir='ltr'>duas</span> <span class='ocrx_word' id='word_1_246' title='bbox 634 3068 741 3124; x_wconf 79' lang='lat' dir='ltr'>curas,</span> <span class='ocrx_word' id='word_1_247' title='bbox 755 3067 859 3108; x_wconf 89' lang='lat' dir='ltr'>unum</span> <span class='ocrx_word' id='word_1_248' title='bbox 882 3066 1037 3128; x_wconf 88' lang='lat' dir='ltr'>magnum</span> <span class='ocrx_word' id='word_1_249' title='bbox 1053 3045 1183 3110; x_wconf 93' lang='lat' dir='ltr'>doleum</span> <span class='ocrx_word' id='word_1_250' title='bbox 1197 3067 1256 3128; x_wconf 91' lang='lat' dir='ltr'>pro</span> 
     </span>
     <span class='ocr_line' id='line_1_29' title="bbox 110 3139 1256 3224; baseline -0.001 -21"><span class='ocrx_word' id='word_1_251' title='bbox 110 3139 297 3224; x_wconf 69' lang='lat' dir='ltr'>bultyayca</span> <span class='ocrx_word' id='word_1_252' title='bbox 314 3165 412 3206; x_wconf 92' lang='lat' dir='ltr'>unam</span> <span class='ocrx_word' id='word_1_253' title='bbox 436 3143 566 3206; x_wconf 90' lang='lat' dir='ltr'>archam</span> <span class='ocrx_word' id='word_1_254' title='bbox 585 3164 660 3205; x_wconf 91' lang='lat' dir='ltr'>cum</span> <span class='ocrx_word' id='word_1_255' title='bbox 676 3142 874 3224; x_wconf 89' lang='lat' dir='ltr'>cooperculo,</span> <span class='ocrx_word' id='word_1_256' title='bbox 891 3161 990 3202; x_wconf 88' lang='lat' dir='ltr'>unam</span> <span class='ocrx_word' id='word_1_257' title='bbox 1012 3141 1110 3203; x_wconf 90' lang='lat' dir='ltr'>ollam</span> <span class='ocrx_word' id='word_1_258' title='bbox 1133 3161 1256 3204; x_wconf 88' lang='lat' dir='ltr'>aeneam</span> 
     </span>
     <span class='ocr_line' id='line_1_30' title="bbox 108 3236 1254 3322; baseline 0 -24"><span class='ocrx_word' id='word_1_259' title='bbox 108 3238 251 3319; x_wconf 90' lang='lat' dir='ltr'>quinque</span> <span class='ocrx_word' id='word_1_260' title='bbox 266 3239 453 3322; x_wconf 89' lang='lat' dir='ltr'>lagenarum</span> <span class='ocrx_word' id='word_1_261' title='bbox 476 3240 629 3313; x_wconf 89' lang='lat' dir='ltr'>debilem,</span> <span class='ocrx_word' id='word_1_262' title='bbox 645 3258 744 3298; x_wconf 89' lang='lat' dir='ltr'>unam</span> <span class='ocrx_word' id='word_1_263' title='bbox 768 3237 865 3298; x_wconf 91' lang='lat' dir='ltr'>ollam</span> <span class='ocrx_word' id='word_1_264' title='bbox 880 3256 1000 3298; x_wconf 90' lang='lat' dir='ltr'>aeneam</span> <span class='ocrx_word' id='word_1_265' title='bbox 1018 3237 1116 3298; x_wconf 88' lang='lat' dir='ltr'>unius</span> <span class='ocrx_word' id='word_1_266' title='bbox 1131 3236 1254 3321; x_wconf 75' lang='lat' dir='ltr'>lagenae</span> 
     </span>
     <span class='ocr_line' id='line_1_31' title="bbox 108 3331 1254 3416; baseline 0 -24"><span class='ocrx_word' id='word_1_267' title='bbox 108 3337 144 3392; x_wconf 91' lang='lat' dir='ltr'>et</span> <span class='ocrx_word' id='word_1_268' title='bbox 158 3333 312 3411; x_wconf 89' lang='lat' dir='ltr'>dimidiae,</span> <span class='ocrx_word' id='word_1_269' title='bbox 335 3355 435 3396; x_wconf 90' lang='lat' dir='ltr'>unam</span> <span class='ocrx_word' id='word_1_270' title='bbox 457 3335 585 3416; x_wconf 91' lang='lat' dir='ltr'>pelvem</span> <span class='ocrx_word' id='word_1_271' title='bbox 607 3333 748 3394; x_wconf 88' lang='lat' dir='ltr'>debilem</span> <span class='ocrx_word' id='word_1_272' title='bbox 772 3333 841 3394; x_wconf 90' lang='lat' dir='ltr'>sine</span> <span class='ocrx_word' id='word_1_273' title='bbox 864 3331 999 3408; x_wconf 88' lang='lat' dir='ltr'>lavacr0‚</span> <span class='ocrx_word' id='word_1_274' title='bbox 1015 3333 1107 3413; x_wconf 87' lang='lat' dir='ltr'>quasi</span> <span class='ocrx_word' id='word_1_275' title='bbox 1122 3332 1254 3394; x_wconf 79' lang='lat' dir='ltr'>&#39;nullius</span> 
     </span>
     <span class='ocr_line' id='line_1_32' title="bbox 108 3428 1254 3510; baseline 0 -22"><span class='ocrx_word' id='word_1_276' title='bbox 108 3428 233 3507; x_wconf 89' lang='lat' dir='ltr'>valoris,</span> <span class='ocrx_word' id='word_1_277' title='bbox 264 3451 367 3492; x_wconf 90' lang='lat' dir='ltr'>unum</span> <span class='ocrx_word' id='word_1_278' title='bbox 397 3429 584 3507; x_wconf 68' lang='lat' dir='ltr'>cundiam,</span> <span class='ocrx_word' id='word_1_279' title='bbox 623 3449 721 3491; x_wconf 90' lang='lat' dir='ltr'>unam</span> <span class='ocrx_word' id='word_1_280' title='bbox 760 3428 932 3510; x_wconf 89' lang='lat' dir='ltr'>tripodem,</span> <span class='ocrx_word' id='word_1_281' title='bbox 971 3448 1070 3490; x_wconf 90' lang='lat' dir='ltr'>unam</span> <span class='ocrx_word' id='word_1_282' title='bbox 1108 3447 1254 3491; x_wconf 89' lang='lat' dir='ltr'>mensam</span> 
     </span>
     <span class='ocr_line' id='line_1_33' title="bbox 109 3524 1255 3607; baseline 0.003 -23"><span class='ocrx_word' id='word_1_283' title='bbox 109 3530 263 3604; x_wconf 88' lang='lat' dir='ltr'>stantem,</span> <span class='ocrx_word' id='word_1_284' title='bbox 278 3531 344 3588; x_wconf 89' lang='lat' dir='ltr'>tres</span> <span class='ocrx_word' id='word_1_285' title='bbox 364 3525 540 3603; x_wconf 84' lang='lat' dir='ltr'>cathedras,</span> <span class='ocrx_word' id='word_1_286' title='bbox 557 3546 655 3588; x_wconf 93' lang='lat' dir='ltr'>unam</span> <span class='ocrx_word' id='word_1_287' title='bbox 677 3524 860 3600; x_wconf 87' lang='lat' dir='ltr'>formulam,</span> <span class='ocrx_word' id='word_1_288' title='bbox 877 3544 932 3586; x_wconf 87' lang='lat' dir='ltr'>sex</span> <span class='ocrx_word' id='word_1_289' title='bbox 946 3524 1043 3586; x_wconf 89' lang='lat' dir='ltr'>boves</span> <span class='ocrx_word' id='word_1_290' title='bbox 1058 3545 1115 3607; x_wconf 88' lang='lat' dir='ltr'>pro</span> <span class='ocrx_word' id='word_1_291' title='bbox 1131 3545 1255 3603; x_wconf 88' lang='lat' dir='ltr'>caruca,</span> 
     </span>
     <span class='ocr_line' id='line_1_34' title="bbox 107 3619 1255 3704; baseline 0.001 -23"><span class='ocrx_word' id='word_1_292' title='bbox 107 3622 253 3702; x_wconf 89' lang='lat' dir='ltr'>precium</span> <span class='ocrx_word' id='word_1_293' title='bbox 267 3622 442 3703; x_wconf 91' lang='lat' dir='ltr'>cujuslibet</span> <span class='ocrx_word' id='word_1_294' title='bbox 450 3622 535 3704; x_wconf 75' lang='lat' dir='ltr'>xiijo.</span> <span class='ocrx_word' id='word_1_295' title='bbox 548 3620 645 3703; x_wconf 77' lang='lat' dir='ltr'>iiijd,</span> <span class='ocrx_word' id='word_1_296' title='bbox 657 3625 796 3702; x_wconf 88' lang='lat' dir='ltr'>quatuor</span> <span class='ocrx_word' id='word_1_297' title='bbox 807 3619 913 3697; x_wconf 86' lang='lat' dir='ltr'>affros,</span> <span class='ocrx_word' id='word_1_298' title='bbox 924 3621 1069 3702; x_wconf 91' lang='lat' dir='ltr'>precium</span> <span class='ocrx_word' id='word_1_299' title='bbox 1080 3621 1255 3704; x_wconf 90' lang='lat' dir='ltr'>cujuslibet</span> 
     </span>
     <span class='ocr_line' id='line_1_35' title="bbox 107 3714 1256 3799; baseline 0.002 -23"><span class='ocrx_word' id='word_1_300' title='bbox 107 3715 179 3778; x_wconf 86' lang='lat' dir='ltr'>affri</span> <span class='ocrx_word' id='word_1_301' title='bbox 194 3716 254 3799; x_wconf 82' lang='lat' dir='ltr'>vja.</span> <span class='ocrx_word' id='word_1_302' title='bbox 270 3717 374 3799; x_wconf 73' lang='lat' dir='ltr'>viija,</span> <span class='ocrx_word' id='word_1_303' title='bbox 390 3738 488 3780; x_wconf 92' lang='lat' dir='ltr'>unam</span> <span class='ocrx_word' id='word_1_304' title='bbox 511 3724 668 3779; x_wconf 86' lang='lat' dir='ltr'>carectam</span> <span class='ocrx_word' id='word_1_305' title='bbox 683 3716 835 3778; x_wconf 86' lang='lat' dir='ltr'>ferratam</span> <span class='ocrx_word' id='word_1_306' title='bbox 850 3717 995 3797; x_wconf 91' lang='lat' dir='ltr'>precium</span> <span class='ocrx_word' id='word_1_307' title='bbox 1010 3736 1058 3793; x_wconf 85' lang='lat' dir='ltr'>va,</span> <span class='ocrx_word' id='word_1_308' title='bbox 1074 3721 1109 3779; x_wconf 89' lang='lat' dir='ltr'>et</span> <span class='ocrx_word' id='word_1_309' title='bbox 1129 3714 1256 3778; x_wconf 89' lang='lat' dir='ltr'>hemas’</span> 
     </span>
     <span class='ocr_line' id='line_1_36' title="bbox 106 3810 1254 3895; baseline 0.001 -23"><span class='ocrx_word' id='word_1_310' title='bbox 106 3832 165 3892; x_wconf 90' lang='lat' dir='ltr'>pro</span> <span class='ocrx_word' id='word_1_311' title='bbox 180 3813 284 3874; x_wconf 92' lang='lat' dir='ltr'>tribus</span> <span class='ocrx_word' id='word_1_312' title='bbox 300 3815 401 3895; x_wconf 89' lang='lat' dir='ltr'>equis,</span> <span class='ocrx_word' id='word_1_313' title='bbox 418 3834 517 3875; x_wconf 90' lang='lat' dir='ltr'>unam</span> <span class='ocrx_word' id='word_1_314' title='bbox 540 3833 688 3874; x_wconf 90' lang='lat' dir='ltr'>carucam</span> <span class='ocrx_word' id='word_1_315' title='bbox 711 3831 785 3873; x_wconf 92' lang='lat' dir='ltr'>cum</span> <span class='ocrx_word' id='word_1_316' title='bbox 800 3810 1004 3873; x_wconf 86' lang='lat' dir='ltr'>ferramentis</span> <span class='ocrx_word' id='word_1_317' title='bbox 1021 3814 1056 3873; x_wconf 92' lang='lat' dir='ltr'>et</span> <span class='ocrx_word' id='word_1_318' title='bbox 1075 3811 1182 3873; x_wconf 89' lang='lat' dir='ltr'>attilio</span> <span class='ocrx_word' id='word_1_319' title='bbox 1196 3832 1254 3894; x_wconf 92' lang='lat' dir='ltr'>pro</span> 
     </span>
     <span class='ocr_line' id='line_1_37' title="bbox 108 3907 1256 3988; baseline -0.001 -20"><span class='ocrx_word' id='word_1_320' title='bbox 108 3928 163 3968; x_wconf 82' lang='lat' dir='ltr'>sex</span> <span class='ocrx_word' id='word_1_321' title='bbox 178 3908 292 3985; x_wconf 91' lang='lat' dir='ltr'>bobus,</span> <span class='ocrx_word' id='word_1_322' title='bbox 308 3930 410 3970; x_wconf 91' lang='lat' dir='ltr'>unum</span> <span class='ocrx_word' id='word_1_323' title='bbox 420 3908 634 3984; x_wconf 87' lang='lat' dir='ltr'>tabelerium‚¹</span> <span class='ocrx_word' id='word_1_324' title='bbox 652 3927 756 3969; x_wconf 90' lang='lat' dir='ltr'>unum</span> <span class='ocrx_word' id='word_1_325' title='bbox 767 3907 938 3988; x_wconf 75' lang='lat' dir='ltr'>picosum,²</span> <span class='ocrx_word' id='word_1_326' title='bbox 947 3911 981 3968; x_wconf 86' lang='lat' dir='ltr'>et</span> <span class='ocrx_word' id='word_1_327' title='bbox 993 3926 1109 3968; x_wconf 88' lang='lat' dir='ltr'>novem</span> <span class='ocrx_word' id='word_1_328' title='bbox 1119 3926 1205 3968; x_wconf 88' lang='lat' dir='ltr'>acras</span> <span class='ocrx_word' id='word_1_329' title='bbox 1221 3911 1256 3968; x_wconf 89' lang='lat' dir='ltr'>et</span> 
     </span>
     <span class='ocr_line' id='line_1_38' title="bbox 107 4000 1253 4085; baseline -0.001 -21"><span class='ocrx_word' id='word_1_330' title='bbox 107 4003 151 4064; x_wconf 93' lang='lat' dir='ltr'>di.</span> <span class='ocrx_word' id='word_1_331' title='bbox 168 4011 261 4066; x_wconf 84' lang='lat' dir='ltr'>terrae</span> <span class='ocrx_word' id='word_1_332' title='bbox 277 4026 351 4067; x_wconf 89' lang='lat' dir='ltr'>cum</span> <span class='ocrx_word' id='word_1_333' title='bbox 372 4005 535 4066; x_wconf 89' lang='lat' dir='ltr'>frumento</span> <span class='ocrx_word' id='word_1_334' title='bbox 551 4006 735 4079; x_wconf 90' lang='lat' dir='ltr'>seminatas,</span> <span class='ocrx_word' id='word_1_335' title='bbox 751 4005 897 4085; x_wconf 90' lang='lat' dir='ltr'>precium</span> <span class='ocrx_word' id='word_1_336' title='bbox 907 4001 1082 4084; x_wconf 87' lang='lat' dir='ltr'>cujuslibet</span> <span class='ocrx_word' id='word_1_337' title='bbox 1091 4022 1171 4064; x_wconf 86' lang='lat' dir='ltr'>acrae</span> <span class='ocrx_word' id='word_1_338' title='bbox 1181 4000 1253 4084; x_wconf 87' lang='lat' dir='ltr'>vija.</span> 
     </span>
    </p>

    <p class='ocr_par' dir='ltr' id='par_1_14' title="bbox 107 4119 1254 4272">
     <span class='ocr_line' id='line_1_39' title="bbox 163 4119 1254 4196; baseline -0.003 -18"><span class='ocrx_word' id='word_1_339' title='bbox 163 4126 204 4194; x_wconf 60' lang='lat' dir='ltr'>ll)</span> <span class='ocrx_word' id='word_1_340' title='bbox 225 4126 364 4196; x_wconf 87' lang='lat' dir='ltr'>Probably</span> <span class='ocrx_word' id='word_1_341' title='bbox 376 4125 417 4180; x_wconf 88' lang='lat' dir='ltr'>for</span> <span class='ocrx_word' id='word_1_342' title='bbox 430 4127 601 4194; x_wconf 78' lang='lat' dir='ltr'>tabularium,</span> <span class='ocrx_word' id='word_1_343' title='bbox 614 4124 703 4178; x_wconf 88' lang='lat' dir='ltr'>which</span> <span class='ocrx_word' id='word_1_344' title='bbox 716 4123 805 4192; x_wconf 84' lang='lat' dir='ltr'>might</span> <span class='ocrx_word' id='word_1_345' title='bbox 817 4139 897 4176; x_wconf 86' lang='lat' dir='ltr'>mean</span> <span class='ocrx_word' id='word_1_346' title='bbox 909 4139 982 4176; x_wconf 85' lang='lat' dir='ltr'>some</span> <span class='ocrx_word' id='word_1_347' title='bbox 997 4128 1053 4175; x_wconf 86' lang='lat' dir='ltr'>sort</span> <span class='ocrx_word' id='word_1_348' title='bbox 1064 4119 1120 4175; x_wconf 82' lang='lat' dir='ltr'>oie</span> <span class='ocrx_word' id='word_1_349' title='bbox 1131 4119 1204 4176; x_wconf 84' lang='lat' dir='ltr'>table</span> <span class='ocrx_word' id='word_1_350' title='bbox 1222 4139 1254 4175; x_wconf 86' lang='lat' dir='ltr'>or</span> 
     </span>
     <span class='ocr_line' id='line_1_40' title="bbox 107 4199 1253 4272; baseline -0.003 -15"><span class='ocrx_word' id='word_1_351' title='bbox 107 4203 203 4272; x_wconf 83' lang='lat' dir='ltr'>bench,</span> <span class='ocrx_word' id='word_1_352' title='bbox 216 4223 246 4257; x_wconf 89' lang='lat' dir='ltr'>or</span> <span class='ocrx_word' id='word_1_353' title='bbox 258 4206 291 4257; x_wconf 85' lang='lat' dir='ltr'>be</span> <span class='ocrx_word' id='word_1_354' title='bbox 305 4205 412 4258; x_wconf 83' lang='lat' dir='ltr'>derived</span> <span class='ocrx_word' id='word_1_355' title='bbox 427 4205 495 4257; x_wconf 83' lang='lat' dir='ltr'>from</span> <span class='ocrx_word' id='word_1_356' title='bbox 509 4205 554 4257; x_wconf 71' lang='lat' dir='ltr'>tha</span> <span class='ocrx_word' id='word_1_357' title='bbox 565 4205 629 4258; x_wconf 79' lang='lat' dir='ltr'>verb</span> <span class='ocrx_word' id='word_1_358' title='bbox 642 4203 769 4267; x_wconf 69' lang='lat' dir='ltr'>tabularu,</span> <span class='ocrx_word' id='word_1_359' title='bbox 778 4207 807 4253; x_wconf 86' lang='lat' dir='ltr'>to</span> <span class='ocrx_word' id='word_1_360' title='bbox 821 4199 928 4253; x_wconf 82' lang='lat' dir='ltr'>fashion</span> <span class='ocrx_word' id='word_1_361' title='bbox 939 4199 1048 4270; x_wconf 71' lang='lat' dir='ltr'>planis,</span> <span class='ocrx_word' id='word_1_362' title='bbox 1068 4199 1129 4253; x_wconf 79' lang='lat' dir='ltr'>isso</span> <span class='ocrx_word' id='word_1_363' title='bbox 1139 4199 1253 4272; x_wconf 80' lang='lat' dir='ltr'>perhaps</span> 
     </span>
    </p>
   </div>
   <div class='ocr_carea' id='block_1_5' title="bbox 109 4283 1250 4428">
    <p class='ocr_par' dir='ltr' id='par_1_15' title="bbox 109 4283 1250 4428">
     <span class='ocr_line' id='line_1_41' title="bbox 109 4283 1250 4428; baseline -0.002 -16"><span class='ocrx_word' id='word_1_364' title='bbox 109 4300 142 4335; x_wconf 51' lang='lat' dir='ltr'>an</span> <span class='ocrx_word' id='word_1_365' title='bbox 155 4283 259 4428; x_wconf 58' lang='lat' dir='ltr'>iiieln</span> <span class='ocrx_word' id='word_1_366' title='bbox 277 4379 293 4414; x_wconf 87' lang='lat' dir='ltr'>a</span> <span class='ocrx_word' id='word_1_367' title='bbox 311 4360 441 4414; x_wconf 86' lang='lat' dir='ltr'>Finchals</span> <span class='ocrx_word' id='word_1_368' title='bbox 459 4361 608 4428; x_wconf 79' lang='lat' dir='ltr'>Invenlcry</span> <span class='ocrx_word' id='word_1_369' title='bbox 621 4359 738 4413; x_wconf 76' lang='lat' dir='ltr'>oflsssso</span> <span class='ocrx_word' id='word_1_370' title='bbox 757 4374 798 4409; x_wconf 88' lang='lat' dir='ltr'>we</span> <span class='ocrx_word' id='word_1_371' title='bbox 817 4356 873 4409; x_wconf 92' lang='lat' dir='ltr'>find</span> <span class='ocrx_word' id='word_1_372' title='bbox 892 4358 900 4386; x_wconf 75' lang='lat'><em>⁴</em></span> <span class='ocrx_word' id='word_1_373' title='bbox 907 4354 918 4427; x_wconf 90' lang='lat' dir='ltr'><strong>j</strong></span> <span class='ocrx_word' id='word_1_374' title='bbox 939 4354 1055 4425; x_wconf 84' lang='lat' dir='ltr'>picoise,&#39;</span> <span class='ocrx_word' id='word_1_375' title='bbox 1067 4354 1155 4409; x_wconf 87' lang='lat' dir='ltr'>which</span> <span class='ocrx_word' id='word_1_376' title='bbox 1168 4355 1191 4409; x_wconf 86' lang='lat' dir='ltr'>is</span> <span class='ocrx_word' id='word_1_377' title='bbox 1203 4373 1250 4410; x_wconf 86' lang='lat' dir='ltr'>ex·</span> 
     </span>
    </p>
   </div>
   <div class='ocr_carea' id='block_1_6' title="bbox 109 4433 1252 4578">
    <p class='ocr_par' dir='ltr' id='par_1_16' title="bbox 109 4433 1252 4578">
     <span class='ocr_line' id='line_1_42' title="bbox 109 4433 1252 4509; baseline -0.002 -19"><span class='ocrx_word' id='word_1_378' title='bbox 109 4439 216 4509; x_wconf 86' lang='lat' dir='ltr'>plained</span> <span class='ocrx_word' id='word_1_379' title='bbox 231 4438 258 4491; x_wconf 91' lang='lat' dir='ltr'>in</span> <span class='ocrx_word' id='word_1_380' title='bbox 271 4438 317 4492; x_wconf 87' lang='lat' dir='ltr'>the</span> <span class='ocrx_word' id='word_1_381' title='bbox 330 4439 459 4508; x_wconf 84' lang='lat' dir='ltr'>Glossary</span> <span class='ocrx_word' id='word_1_382' title='bbox 473 4457 502 4491; x_wconf 85' lang='lat' dir='ltr'>as</span> <span class='ocrx_word' id='word_1_383' title='bbox 515 4440 548 4491; x_wconf 87' lang='lat' dir='ltr'>‘a</span> <span class='ocrx_word' id='word_1_384' title='bbox 560 4437 693 4508; x_wconf 69' lang='lat' dir='ltr'>picis-axe,</span> <span class='ocrx_word' id='word_1_385' title='bbox 706 4435 737 4489; x_wconf 92' lang='grc' dir='ltr'>Ο.</span> <span class='ocrx_word' id='word_1_386' title='bbox 750 4435 795 4488; x_wconf 89' lang='lat' dir='ltr'>Fr.</span> <span class='ocrx_word' id='word_1_387' title='bbox 807 4433 938 4504; x_wconf 70' lang='lat' dir='ltr'>paqaoa’</span> <span class='ocrx_word' id='word_1_388' title='bbox 963 4435 1068 4488; x_wconf 71' lang='lat' dir='ltr'>duriora</span> <span class='ocrx_word' id='word_1_389' title='bbox 1080 4434 1137 4488; x_wconf 78' lang='lat' dir='ltr'>Soc.</span> <span class='ocrx_word' id='word_1_390' title='bbox 1151 4433 1203 4489; x_wconf 89' lang='lat' dir='ltr'>vol.</span> <span class='ocrx_word' id='word_1_391' title='bbox 1216 4434 1252 4490; x_wconf 82' lang='lat' dir='ltr'>vi.</span> 
     </span>
     <span class='ocr_line' id='line_1_43' title="bbox 662 4531 703 4578; baseline -0.024 0"><span class='ocrx_word' id='word_1_392' title='bbox 662 4546 672 4578; x_wconf 89' lang='lat'>1</span> <span class='ocrx_word' id='word_1_393' title='bbox 688 4531 703 4577; x_wconf 70' lang='lat'><em>2</em></span> 
     </span>
    </p>
   </div>
   <div class='ocr_carea' id='block_1_7' title="bbox 0 0 1542 5032">
    <p class='ocr_par' dir='ltr' id='par_1_17' title="bbox 0 0 1542 5032">
     <span class='ocr_line' id='line_1_44' title="bbox 0 0 1542 5032; baseline 0 2"><span class='ocrx_word' id='word_1_394' title='bbox 0 0 1542 5032; x_wconf 95' lang='lat' dir='ltr'> </span> 
     </span>
    </p>
   </div>
  </div>
 </body>
</html>
