3068 5024
641 338 849 391 MEMORIALS
875 339 919 389 OF
945 337 1066 392 RIPON.

277 508 483 586 nominatim,
505 511 540 570 et
562 507 597 568 in
620 506 726 589 specie
749 506 955 575 denuncietis
978 510 1013 567 et
1035 504 1162 567 faciatis
1185 526 1243 588 per
1270 505 1350 572 alios
1375 506 1431 572 de·

276 606 435 681 nunciari,
455 626 474 665 a
498 603 753 665 denunciacione
772 599 961 684 hujusmodi
984 621 1050 662 non
1072 607 1237 664 cessantes
1261 624 1432 685 quousque

276 700 366 762 aliud
389 722 408 762 a
431 700 523 762 nobis
544 699 620 759 inde
642 697 829 778 receperitis
844 697 880 757 in
894 696 1079 771 mandatis;
1102 702 1136 758 et
1150 717 1208 758 nos
1232 698 1273 758 de
1289 700 1379 760 omni
1394 718 1433 761 eo

277 797 363 878 quod
378 795 521 856 feceritis
536 795 571 854 in
587 793 759 875 praemissis
778 791 932 852 distincte
955 795 990 852 et
1011 796 1121 872 aperte
1144 791 1330 855 certificetis
1352 794 1432 856 citra

276 885 398 952 festum
410 890 537 951 Natalis
554 889 683 949 Domini
698 908 787 969 prox.
797 885 947 948 futurum
962 907 1019 967 per
1028 886 1138 948 literas
1148 891 1270 949 vestras
1281 891 1433 970 patentes

277 1007 348 1068 quae
372 983 487 1047 harum
515 985 631 1045 seriem
653 985 896 1063 repraesentent.
941 982 1067 1043 Valete.
1113 982 1188 1044 Dat.
1215 985 1301 1064 apud
1325 982 1433 1067 Thorp

274 1081 369 1164 juxta
399 1081 494 1142 Ebor.
519 1079 603 1144 Non.
629 1079 756 1142 Octobr.
782 1079 876 1139 Anno
900 1077 1014 1160 graeiae
1045 1079 1243 1157 m⁰ccc⁰xxix,
1267 1084 1301 1142 et
1322 1081 1432 1162 ponti-

278 1177 391 1238 ficatus
407 1176 510 1236 nostri
525 1173 627 1256 xiijm0.

105 1335 176 1396 (491)
345 1319 540 1396 Willelmus,
553 1323 626 1394 etc,
639 1319 766 1381 dilectis
776 1318 851 1380 filiis
866 1319 1008 1400 capitulo
1018 1319 1160 1382 ecclesiae
1171 1325 1288 1383 nostrae
1297 1322 1432 1403 Rypcn’,

104 1393 234 1500 gadim·
281 1415 430 1491 salutem,
446 1415 595 1496 graciam,
612 1418 646 1475 et
666 1413 939 1476 benediccionem.
985 1414 1068 1488 Quia
1083 1417 1213 1497 capellae
1236 1421 1271 1478 et
1293 1419 1431 1479 oratoria

105 1537 245 1582 Acumen·
281 1510 404 1572 domini
426 1510 581 1571 Ludovici
603 1510 755 1571 Dunolm.
774 1510 927 1590 episcopi,
951 1530 987 1571 ac
1010 1511 1162 1590 ecclesiae,
1178 1514 1380 1590 monasteria,
1397 1519 1432 1574 et

102 1595 183 1713 p‘ffl
194 1609 247 1697 {22
281 1606 350 1667 looa
364 1605 428 1666 alia
443 1605 551 1666 omnia
567 1610 601 1666 et
618 1604 746 1686 singula
761 1625 819 1685 per
833 1625 905 1685 quae
914 1607 1081 1667 transierit
1095 1628 1167 1688 quae
1183 1607 1277 1669 nobis
1293 1607 1432 1670 subsunt

108 1685 207 1781 arafa
282 1703 317 1763 in
340 1699 398 1762 hoc
421 1721 509 1778 casn,
533 1705 567 1761 et
588 1721 647 1781 per
669 1701 734 1762 duo
755 1701 893 1762 miliaria
919 1702 1179 1783 circumquaque,
1201 1707 1332 1783 propter
1358 1722 1431 1765 suas

104 1771 213 1888 ξξξξξξ
282 1796 471 1858 manifestas
495 1795 844 1861 offensas-observato
858 1794 915 1880 (ut
930 1794 1055 1879 supra)
1072 1801 1149 1859 sunt
1165 1802 1200 1859 et
1213 1786 1349 1859 fuerunt
1367 1800 1431 1861 rite

108 1887 235 1991 lr‘gmjff'gr
283 1899 318 1955 et
326 1894 475 1976 legitime
487 1892 703 1954 ecclesiastico
712 1893 880 1974 supposita
888 1893 1073 1971 interdict0,
1080 1892 1213 1975 justicia
1222 1894 1257 1955 id
1267 1900 1431 1976 poscente,

108 1961 166 1991 mer
192 1962 204 1990 ο
231 1978 237 1992 ’
283 1989 373 2050 vobis
388 1989 523 2048 firmiter
538 1987 740 2069 injungendo
758 1987 960 2065 mandamus,
977 1988 1132 2067 quatinus
1157 1989 1293 2071 singulis
1316 1990 1430 2053 diebus

282 2084 459 2144 Dominicis
475 2089 509 2143 et
523 2082 648 2143 festivis
664 2084 700 2143 in
715 2083 848 2144 ecclesia
862 2087 972 2144 nostra
987 2084 1141 2164 praedicta
1155 2089 1190 2145 et
1205 2084 1277 2146 aliis
1289 2085 1427 2167 singulis

282 2178 425 2240 ecclesiis
440 2177 655 2258 praebendatis
676 2176 833 2259 ejusdem,
849 2179 936 2238 intra
958 2178 1129 2239 missarum
1151 2179 1339 2260 solempnia,
1355 2200 1431 2242 curn

282 2273 385 2356 major
412 2273 517 2334 aderit
541 2273 653 2354 populi
682 2272 872 2351 multitudo,
896 2294 970 2334 cum
996 2275 1085 2334 omni
1113 2275 1342 2355 solempnitate
1369 2296 1433 2357 qua

283 2371 388 2446 decet,
410 2368 534 2450 praefati
558 2369 726 2430 interdicti
750 2370 949 2430 sentenciam
971 2368 1154 2450 publicetis,
1175 2375 1210 2431 et
1229 2369 1354 2433 faciatis
1376 2392 1433 2452 per

283 2464 362 2525 alios
373 2463 542 2544 publicari,
552 2484 571 2523 a
580 2463 800 2544 publicacione
812 2461 1000 2546 hujusmodi
1010 2484 1075 2526 non
1084 2471 1256 2544 cessantes,
1267 2487 1433 2548 quousque

282 2560 371 2620 aliud
386 2581 405 2620 a
420 2557 512 2620 nobis
530 2560 716 2639 receperitis
731 2561 765 2619 in
781 2560 953 2621 mandatis
999 2560 1045 2621 Et
1059 2580 1116 2622 nos
1132 2561 1173 2622 de
1189 2561 1279 2623 omni
1294 2582 1332 2624 eo
1347 2562 1434 2643 quod

283 2651 527 2737 feceritis-(ut
542 2651 678 2737 suipra).
723 2654 850 2716 Valete.
896 2655 971 2717 Dat.
989 2652 1196 2740 (utsupra).

58 2831 61 2838 ·
109 2821 181 2882 (491)
348 2799 544 2878 Willelmuq
561 2803 621 2862 etc.
638 2800 765 2862 dilectis
777 2799 852 2861 filiis
868 2800 1010 2882 capitulo
1020 2801 1162 2864 ecclesiae
1171 2806 1288 2865 nostrae
1297 2802 1434 2886 Rypon’‚
1506 2827 1512 2834 ·

107 2880 238 2986 ffl'ffi’·
284 2896 434 2972 salutem,
444 2896 594 2979 graciam,
608 2902 642 2958 et
651 2896 923 2958 benediccionem.
957 2895 1039 2959 Cum
1048 2898 1199 2960 dominus
1208 2894 1434 2983 L(udovicus),

109 3021 247 3069 mnu„
284 2991 438 3053 Dunolm.
469 2992 649 3073 episcopua,
672 2996 803 3073 propter
827 3012 899 3053 suas
925 2992 1271 3055 manifestas-contra
1296 3014 1355 3056 nos
1376 2991 1434 3078 (ul

109 3082 260 3184 mm,
286 3084 411 3172 supro)
442 3087 587 3148 volentes
617 3088 653 3148 in
681 3088 827 3171 partibus
858 3087 898 3148 de
928 3087 1087 3149 Aluerton
1116 3092 1150 3150 et
1180 3087 1434 3169 Aluertonshire,

6 3213 8 3219 s
110 3199 259 3255 naeniarum,
284 3189 401 3245 nostrae
419 3182 514 3245 Ebor.
530 3183 687 3262 dioecesis,
709 3203 746 3244 ea
767 3203 837 3263 quae
861 3186 938 3244 sunt
958 3182 1152 3265 pontificalis
1174 3184 1269 3246 officii
1284 3190 1318 3246 et
1336 3184 1435 3267 juris·

108 3263 223 3360 ξξῇἷζῇζ
286 3279 448 3355 diccionis,
465 3299 536 3360 quae
558 3278 599 3339 ad
622 3299 680 3340 nos
702 3279 870 3359 pertinent
885 3278 1005 3358 absque
1022 3277 1106 3360 juris
1122 3278 1222 3341 alieni
1236 3280 1434 3363 praejudicio,

103 3374 209 3442 fidelium
286 3394 443 3452 exercere,
462 3395 498 3435 ac
518 3374 667 3455 quaedam
689 3371 863 3434 manifesta
883 3378 993 3455 aperta
1015 3374 1138 3437 ibidem
1160 3375 1197 3436 in
1219 3374 1320 3436 forma
1341 3375 1434 3438 nobis

110 3434 247 3479 arandum.
287 3469 483 3531 demandata
497 3468 671 3549 publicare,
687 3488 813 3529 necnon
828 3472 943 3537 contra
960 3474 1086 3531 nostros
1109 3474 1144 3531 et
1165 3474 1309 3532 nostram
1333 3471 1435 3533 eccle-

288 3565 369 3625 siam
380 3563 475 3625 Ebor.
487 3563 612 3624 notorie
624 3561 709 3625 facta
721 3568 756 3625 et
766 3583 848 3625 ausu
857 3566 1028 3626 temerario
1036 3569 1229 3648 perpetrata,
1241 3568 1434 3629 auctoritate

287 3661 406 3734 nostra,
431 3658 604 3738 praemissis
629 3658 866 3721 monicionibus
891 3660 1063 3737 canonicis,
1088 3681 1126 3722 ac
1147 3660 1231 3744 juris
1255 3662 1367 3725 ordine
1397 3663 1435 3724 in

287 3752 438 3815 omnibus
468 3752 644 3830 observate,
671 3753 801 3836 majoris
828 3754 872 3816 sit
898 3757 932 3816 et
962 3754 1062 3816 fuerit
1091 3757 1434 3819 excommunicacionis

288 3850 454 3912 sentencia
462 3849 525 3910 rite
542 3853 576 3910 et
590 3849 738 3932 legitime
750 3851 936 3928 innodatuS,
952 3855 985 3913 et
1000 3853 1296 3914 excommunicatus
1305 3851 1434 3934 publice

288 3947 473 4023 nunciatus,
489 3965 587 4026 quam
611 3947 810 4008 sentenciam
826 3946 917 4008 velut
932 3946 967 4007 in
984 3967 1114 4009 sensum
1136 3948 1323 4029 reprobrum
1345 3952 1434 4010 totus

288 4043 383 4104 datus
406 4042 463 4102 diu
487 4040 655 4119 sustinuit,
678 4046 713 4103 et
734 4040 839 4104 adhuc
861 4043 1002 4103 sustinet
1021 4044 1130 4105 animo
1150 4044 1310 4122 indurato,
1330 4044 1435 4106 claves

288 4138 429 4199 ecclesiae
444 4138 569 4198 notorie
585 4139 854 4219 contempnendo,
870 4159 905 4199 ac
920 4138 1115 4201 cumulando
1129 4139 1340 4222 pertinaciter
1349 4141 1436 4201 mala

289 4236 391 4313 malis,
397 4236 432 4297 in
443 4235 619 4297 dolendum
631 4257 696 4297 suae
709 4235 822 4298 salutis
833 4236 1015 4315 interitum,
1025 4241 1058 4299 et
1071 4237 1207 4300 aliorum
1217 4239 1435 4320 perniciosum

289 4330 482 4412 exemplum,
509 4333 660 4413 exigente
690 4336 791 4393 tantae
816 4352 881 4393 suae
905 4334 1125 4413 protervitatis
1151 4335 1275 4396 insania
1306 4336 1341 4395 in
1371 4354 1436 4416 qua

290 4425 405 4486 sorcius
428 4426 616 4505 indurescit,
639 4446 736 4508 quam
759 4427 931 4508 nequimus
955 4428 1205 4493 conniventibus
1231 4429 1332 4493 oculis
1360 4450 1435 4517 per-
