3074 5032
300 334 474 388 manners
499 332 597 387 FROM
623 333 719 387 YORK
744 333 956 403 unciarum
983 337 1059 390 LEE.

296 687 487 743 REGISTER
511 688 558 743 OF
582 689 668 743 ABP.
693 688 777 744 LEE.
815 704 871 744 nu.
897 691 1065 746 roal-1544.

172 820 358 896 Edwardus,
388 820 598 903 permissione
621 819 739 881 Divina
764 820 974 882 Eboracensis
988 819 1256 904 archiepiscopuS‚

107 917 232 1000 Angliae
248 917 366 997 primas
389 921 424 977 et
445 916 725 995 metropolitanus
746 916 865 977 dilecto
887 916 979 978 nobis
999 918 1034 977 in
1050 914 1177 980 Christo
1198 915 1257 979 Oa·
1281 891 1337 996 5⁸3)
1344 949 1409 996 1534.

107 1012 212 1094 pitulo
242 1012 384 1073 ecclesiae
414 1011 592 1094 collegiatae
618 1012 713 1073 Beati
739 1011 881 1074 Wilfridi
903 1013 944 1074 de
968 1012 1116 1094 Riponia,
1139 1017 1256 1074 nostrae
1281 1009 1344 1067 Aug.
1355 1009 1377 1054 8·

108 1107 315 1168 Eboracensis
347 1107 504 1183 dioecesiS,
539 1106 688 1184 salutem,
719 1108 870 1188 gratiam,
902 1111 937 1169 et
973 1105 1256 1169 benedictionem.l
1282 1089 1433 1206 {mam

109 1201 191 1264 Cum
217 1222 320 1282 nuper
343 1202 379 1262 in
402 1202 592 1263 visitacione
617 1202 652 1262 in
676 1201 772 1263 domo
795 1206 905 1263 nostra
927 1202 1110 1284 capitulari,
1132 1203 1258 1264 decimo
1283 1206 1400 1285 capuci·

108 1297 161 1359 die
181 1298 302 1359 mensis
318 1297 516 1374 Decembris,
532 1298 626 1358 Anno
645 1297 777 1359 Domini
800 1297 977 1358 Millesimo
997 1299 1258 1382 quingentesimo
1282 1264 1408 1393 {3¹:212sp

107 1394 275 1477 trigesimo
304 1394 405 1454 tercio
430 1392 501 1474 jam
531 1392 649 1474 elaps0,
675 1413 733 1474 per
762 1393 921 1454 dilectum
947 1393 1040 1455 nobis
1069 1395 1105 1454 in
1131 1392 1258 1457 Christo
1283 1380 1421 1488 visitatiori,

107 1490 299 1572 magistrum
322 1487 524 1550 Willelmum
548 1487 642 1568 Clyff,
665 1488 777 1570 legum
799 1488 976 1568 doctorem,
998 1489 1256 1550 commissarium
1284 1489 1340 1534 1³0⁰·
1347 1491 1404 1592 illa

107 1590 255 1646 nostrum
277 1585 313 1646 in
331 1605 369 1646 ea
390 1589 483 1666 parte
503 1584 699 1645 sufficienter
721 1584 916 1665 deputatum
940 1570 1091 1662 exercita,
1113 1585 1260 1646 invenie-
1283 1559 1382 1664 leldby
1406 1581 1413 1604 ’

107 1679 226 1742 bantur
248 1686 283 1743 et
305 1681 434 1743 detecta
449 1685 543 1741 erant
556 1679 650 1760 plura
672 1684 707 1741 et
729 1680 874 1741 enormia
896 1680 1033 1741 crimina
1055 1685 1090 1742 et
1112 1701 1259 1742 excessus
1284 1665 1328 1768 31}
1337 1664 1409 1768 gfff

108 1797 166 1857 per
187 1778 272 1858 ipsos
295 1777 464 1838 canonicos
488 1775 633 1857 ejusdem
660 1775 802 1837 ecclesiae
826 1776 1007 1853 commissa,
1031 1781 1064 1836 et
1079 1777 1260 1857 praesertim
1285 1783 1394 1841 missary.

108 1893 166 1953 per
188 1874 350 1954 quendam
369 1870 603 1935 Christoferum
620 1871 773 1955 Dragley,
788 1872 979 1932 canonicum
994 1871 1260 1933 residenciarium
1285 1864 1385 1970 §ms

108 1974 143 2030 et
156 1967 394 2030 thesaurarium
410 1967 556 2050 ejusdem
571 1967 725 2044 ecclesiae,
743 1968 802 2029 viz.
818 1967 1064 2049 praebendarum
1074 1967 1260 2046 locationes,
1286 1938 1381 2042 aguils

109 2070 144 2126 et
168 2064 345 2126 officiorum
368 2069 404 2125 ct
424 2064 638 2125 cantariarum
660 2064 807 2125 nondum
830 2063 1018 2124 vacancium
1041 2064 1260 2125 concessiones
1285 2043 1436 2158 {lgeffll’

108 2180 145 2220 ac
160 2160 238 2220 alias
253 2160 467 2221 alienaciones
482 2159 624 2235 illicitas,
640 2159 760 2240 absque
775 2162 884 2220 nostro
900 2163 935 2220 et
956 2158 1091 2240 capituli
1114 2157 1260 2241 ejusdem
1286 2160 1327 2204 the
1337 2165 1407 2264 “edd

109 2255 251 2317 ecclesiae
272 2276 429 2317 consensu
452 2276 511 2337 per
534 2255 643 2336 ipsum
671 2255 776 2315 solum
800 2253 910 2332 factas,
933 2275 971 2317 ac
996 2255 1104 2316 cultus
1132 2255 1261 2317 divinus
1285 2231 1400 2336 bllilley.
1408 2231 1427 2264 r.

109 2351 203 2432 culpa
217 2357 252 2412 et
270 2352 447 2413 insolencia
470 2352 572 2432 ipsius
587 2348 781 2412 thesaurarii
797 2351 840 2412 sit
854 2350 1029 2428 neclectus‚
1045 2371 1081 2412 ac
1096 2351 1262 2413 ministros

108 2447 210 2528 ipsius
241 2448 383 2508 ecclesiae
411 2447 590 2508 insolenter
619 2451 654 2508 ct
683 2445 855 2508 inhoneste
886 2447 994 2508 vivere
1025 2451 1059 2509 et
1080 2448 1263 2510 conversari

108 2544 279 2624 permissos
302 2547 337 2604 et
360 2543 538 2621 tolleratos,
562 2543 597 2603 in
612 2544 794 2604 animarum
813 2562 945 2603 suarum
959 2563 1057 2626 grave
1080 2543 1263 2625 periculum

109 2658 145 2699 ac
176 2637 362 2699 scandalum
392 2638 616 2719 plurimorum,
646 2643 716 2699 tam
753 2641 865 2700 contra
903 2657 1065 2699 sacrorum
1102 2658 1263 2699 canonum

110 2753 209 2814 quam
224 2733 358 2814 antiqua
374 2732 521 2816 ejusdem
543 2734 686 2795 ecclesiae
710 2736 846 2809 statuta,
861 2733 1119 2814 disposicionem,
1135 2737 1170 2794 et
1185 2753 1262 2794 con-

112 2829 330 2906 suetudinem,
345 2828 432 2890 unde
455 2848 513 2890 nos
535 2826 599 2890 hiis
623 2828 742 2889 morbis
766 2832 804 2888 ut
826 2827 921 2889 decet
944 2828 1079 2906 mederi,
1106 2848 1142 2889 ac
1168 2827 1262 2890 malis

109 2924 303 3005 praescriptis
326 2924 452 2985 obviare
473 2925 652 3006 cupientes,
667 2923 776 2985 omnia
798 2927 833 2984 et
855 2922 984 3005 singula
1005 2922 1211 3005 infrascripta
1226 2927 1262 2985 et

110 3018 173 3080 alia
190 3019 235 3080 sic
250 3019 401 3080 duximus
417 3020 615 3102 corrigenda.

177 3114 256 3178 Cum
268 3116 303 3176 in
318 3116 461 3196 antiquis
477 3117 608 3177 statutis
623 3116 725 3197 ipsius
741 3114 893 3193 ecclesiae,
908 3134 950 3175 ne
963 3114 1075 3176 delicti
1084 3115 1262 3195 impunitas
1388 3187 1394 3200 ,

109 3210 233 3272 tribuat
243 3211 409 3272 audaciam
420 3211 643 3292 delinquendi,
655 3214 790 3272 cautum
803 3210 846 3270 sit
855 3215 894 3272 ut
907 3209 1044 3293 singulis
1057 3209 1257 3290 septimanis,
1285 3185 1438 3293 suffiunt

108 3306 162 3368 die
185 3307 320 3367 Veneris
342 3306 394 3368 vel
415 3306 547 3369 sabbati
569 3327 628 3389 per
650 3306 842 3388 capitulum,
864 3308 1025 3388 praesento
1047 3301 1128 3389 (sic)
1153 3305 1261 3386 aliquo
1284 3305 1430 3410 proviedtpfor

108 3403 269 3478 canonico,
285 3403 431 3464 districte
447 3402 528 3464 fiant
542 3404 765 3481 correctiones,
777 3399 1008 3464 nichilominus
1022 3422 1082 3484 per
1095 3401 1261 3484 querelam
1284 3377 1357 3483 ligr}
1382 3379 1423 3411 ⁰⁰⁸

109 3497 222 3558 dilecti
240 3498 301 3558 filii
323 3499 524 3559 Marmaduci
539 3498 689 3582 Waldby,
710 3499 856 3560 canonici
875 3498 1094 3560 residenciarii
1113 3497 1259 3582 eJusdem
1284 3481 1414 3602 {3232ss

109 3592 263 3671 ecclesiae,
289 3594 511 3656 intelleximus
533 3593 772 3657 Christoferum
798 3594 928 3678 Draglc,
958 3595 1152 3657 canonicum
1180 3595 1260 3657 resi-

109 3688 310 3751 denciarium
340 3691 435 3752 dictae
465 3690 615 3768 ecclesiae,
647 3695 680 3752 et
706 3691 935 3772 praesidentem
963 3690 1099 3772 capituli
1124 3689 1259 3767 ibidem,

110 3786 150 3847 ad
182 3785 275 3868 cujus
308 3787 448 3848 officium
480 3807 519 3848 ex
552 3789 687 3869 antiqua
718 3788 813 3849 dictae
845 3786 987 3849 ecclesiae
1022 3787 1257 3849 consuetudine

110 3883 268 3963 spectavit
290 3882 471 3963 capitulum
486 3903 544 3963 pro
566 3881 755 3966 hujusmodi
778 3881 1029 3943 correctionibus
1051 3880 1168 3943 fiendis
1182 3901 1258 3943 con·
1283 3861 1295 3923 (

109 3997 253 4060 gregare,
276 3979 398 4039 nedum
420 3979 640 4062 necligentem
663 3980 698 4039 in
720 3976 781 4038 hac
803 3975 914 4053 fuisse,
939 3977 995 4038 sed
1017 3981 1052 4037 et
1075 3977 1208 4038 vicarios
1224 3980 1259 4038 et

109 4073 188 4134 alios
199 4073 365 4135 ministros
390 4073 536 4155 ejusdem
552 4074 695 4136 ecclesiae
717 4071 885 4133 nonnullis
907 4071 1098 4134 criminibus
1114 4071 1257 4133 irretitos

110 4172 144 4230 et
159 4173 356 4230 statutorum
370 4175 619 4252 transgressores
629 4168 806 4245 tollerasse,
822 4185 931 4250 ymmo
945 4165 1025 4227 ahos
1039 4167 1207 4228 canonicos
1223 4171 1259 4232 et

166 4304 208 4369 (1)
228 4301 285 4356 Tho
299 4303 365 4356 ‘c's’
379 4304 432 4356 and
445 4302 509 4356 ‘t's’
523 4320 568 4356 are
581 4302 656 4373 quite
669 4301 781 4355 distinct
792 4299 821 4354 in
832 4299 881 4353 the
893 4297 963 4366 MS,
973 4298 1027 4353 and
1038 4299 1084 4353 the
1093 4299 1257 4368 distinction,

110 4380 200 4434 which
219 4399 276 4434 was
296 4380 357 4452 just
380 4381 522 4452 becoming
546 4382 665 4449 marked,
683 4381 707 4435 is
731 4379 862 4450 carefully
879 4378 1008 4434 followed
1025 4378 1089 4435 here
1106 4396 1136 4445 as
1159 4377 1187 4434 in
1209 4380 1257 4436 the

111 4459 234 4530 original.

1296 3863 1325 3908 86
1333 3861 1367 3923 a)
