3068 5024
713 319 920 372 MEMORIALS
933 317 989 387 vOll
1015 274 1140 370 RIPON.¹

353 497 504 576 patorum
519 491 571 554 die
586 491 714 566 Martie,
729 488 881 551 videlicet
901 489 1041 550 secundo
1063 488 1115 549 die
1137 488 1257 550 mensis
1272 487 1392 571 Aprilis
1408 507 1499 570 prox.

352 589 474 667 futuro,
504 608 579 649 oum
615 587 861 648 continuacione
887 592 921 646 et
947 585 1173 666 prorogacione
1211 585 1337 646 dierum
1364 604 1502 666 sequen·

352 685 442 746 cium
470 689 631 766 quatenus
661 701 791 743 necesse
821 679 924 741 fuerit
952 681 988 740 in
1017 677 1077 770 hac
1107 684 1208 761 parte,
1239 680 1323 741 facta
1348 681 1503 761 primitus

352 779 603 861 praesentacione
640 776 770 858 publica
807 782 843 837 et
880 775 1038 857 solempni
1068 776 1103 836 in
1133 774 1270 863 ecclesia
1307 774 1506 837 Eboracensi

354 879 542 950 memorata,
557 874 643 954 quod
660 874 686 934 si
703 873 775 954 quis
787 871 839 934 vel
850 872 908 953 qni
919 870 1294 952 quicquamracionabilc
1310 871 1362 933 vel
1372 869 1504 952 justum

353 990 529 1051 proponere
544 969 685 1030 'voluerit
700 967 752 1030 vel
767 966 939 1044 voluerint,
950 987 1048 1048 quare
1063 967 1103 1028 ad
1118 968 1328 1050 purgaciones
1341 966 1504 1030 dictorum

353 1065 542 1126 clericorum
557 1066 694 1125 minime
714 1063 844 1145 procedi
866 1063 993 1140 debeat,
1009 1063 1104 1124 dictis
1119 1063 1173 1123 die
1188 1067 1222 1124 et
1237 1062 1306 1124 loco
1320 1068 1504 1144 compareat

354 1166 388 1224 et
408 1166 614 1242 compareant
632 1181 739 1222 coram
761 1158 862 1236 vobis,
884 1159 1076 1220 canonicum
1097 1157 1284 1240 hujusmodi
1306 1160 1504 1241 proposituri

353 1262 388 1318 et
403 1256 484 1318 illud
497 1257 652 1317 canonice
664 1255 839 1336 probaturi,
851 1259 886 1316 et
897 1275 971 1315 cum
982 1253 1188 1335 plenitudine
1196 1252 1338 1336 justiciae
1348 1255 1503 1316 audietur

354 1357 389 1413 et
411 1353 585 1413 audientur
602 1351 699 1433 juxta
721 1353 889 1412 canonicas
916 1351 1099 1411 sancciones
1111 1371 1120 1424 ;
1150 1370 1277 1411 necnon
1300 1350 1340 1411 ad
1362 1369 1501 1434 cognos-

316 1471 318 1474 ·
352 1450 504 1525 cendum,
529 1448 750 1524 statuendum,
774 1446 1012 1524 diffiniendum,
1037 1450 1072 1506 et
1095 1446 1376 1527 pronunciandum
1403 1466 1502 1529 super

353 1544 490 1624 objectis
506 1564 564 1604 seu
579 1542 780 1624 objiciendis,
796 1543 824 1602 si
838 1562 910 1623 quae
926 1543 1119 1603 emerserint
1128 1547 1239 1603 contra
1247 1542 1378 1604 clericos
1388 1562 1502 1624 supra-

352 1640 469 1717 dictos,
484 1660 521 1700 ac
536 1638 674 1700 ulterius
688 1639 729 1699 ad
744 1637 929 1700 faciendum
945 1643 980 1698 et
995 1639 1209 1700 exercendum
1218 1639 1254 1698 in
1264 1638 1351 1700 dicto
1366 1639 1502 1721 negocio

352 1737 440 1816 quod
460 1735 562 1817 ipsius
583 1734 724 1816 qualitas
747 1734 850 1816 exigit
872 1738 905 1795 et
927 1737 1055 1810 natura,
1070 1734 1111 1795 de
1127 1734 1361 1795 consuetudine
1384 1734 1437 1796 vel
1458 1734 1501 1797 da

348 1831 444 1914 jure3
466 1830 577 1908 Vobis,
593 1831 634 1892 de
649 1828 741 1911 cujus
757 1829 915 1890 fidelitate
930 1835 965 1890 et
979 1829 1140 1891 industria
1155 1829 1285 1911 plenam
1307 1830 1343 1891 in
1361 1829 1502 1892 Domino

353 1928 509 1989 fiduciam
530 1931 744 2007 reportamus,
768 1925 855 1986 vices
878 1929 1003 1986 nostras
1033 1933 1146 1987 tenore
1175 1927 1388 2005 praesencium
1413 1945 1503 1988 com·

353 2023 517 2084 mittimus
541 2042 617 2083 cum
641 2019 838 2082 cohercionis
863 2022 1025 2082 canonicae
1049 2024 1236 2102 potestate3
1265 2021 1390 2102 proviso
1414 2022 1502 2103 quod

354 2139 412 2179 nos
428 2118 468 2179 de
484 2119 574 2178 omni
590 2137 628 2178 eo
644 2117 730 2197 quod
746 2115 887 2178 feceritis
903 2121 939 2176 et
953 2117 1144 2178 inveneritis
1159 2116 1194 2177 in
1209 2118 1392 2198 praemissis,
1408 2137 1445 2178 ao
1459 2117 1502 2180 de

354 2218 424 2275 toto
447 2233 597 2294 processu
615 2216 721 2274 vestro
744 2212 779 2273 in
803 2209 863 2273 hac
885 2216 976 2294 perte
999 2209 1157 2288 habendo,
1180 2212 1331 2294 expedito
1354 2214 1502 2296 negocio,

354 2309 509 2371 distincte
525 2313 559 2369 et
573 2312 685 2390 aperte
700 2306 886 2369 certificetis
907 2307 1010 2369 literis
1029 2308 1143 2384 vestris
1166 2309 1363 2389 patentibus,
1379 2307 1503 2370 habon-

252 2431 255 2438 ·
354 2404 443 2466 tibus
467 2401 555 2463 hunc
577 2408 735 2479 tenorem,
753 2401 863 2463 literas
890 2408 1000 2465 autem
1022 2404 1245 2484 inquisicionis
1267 2408 1302 2465 ct
1323 2404 1503 2485 proclama·

354 2499 455 2559 cionis
472 2518 568 2578 super
582 2496 669 2558 fama
684 2502 719 2558 et
733 2497 884 2578 opinione
899 2498 1061 2559 dictorum
1075 2497 1263 2559 clericorum
1285 2499 1326 2561 de
1347 2501 1503 2563 mandato

353 2593 453 2656 factas
473 2599 593 2671 nostro,
616 2613 695 2673 quas
716 2593 806 2653 vobis
828 2594 992 2655 mittimus
1014 2594 1242 2675 inspiciendas,
1257 2595 1350 2658 nobis
1364 2595 1504 2660 nichilo-

354 2691 464 2751 minus
489 2690 708 2750 remittentes
754 2687 829 2749 Dat.
856 2689 952 2751 Ebor.
980 2688 1039 2750 sub
1064 2689 1170 2773 sigillo
1195 2695 1304 2753 nostro
1325 2693 1503 2774 pendente,

355 2786 506 2846 vicesimo
538 2783 610 2866 viij⁰
640 2784 694 2845 die
724 2785 845 2845 mensis
878 2785 1007 2864 Marcii,
1033 2786 1127 2847 Anno
1151 2785 1284 2848 Domini
1308 2793 1370 2851 etc.
1400 2809 1504 2852 nona-

354 2883 479 2967 gesimo
494 2880 576 2963 viij⁰.

521 3131 713 3185 REGISTER
737 3131 784 3186 OF
808 3132 894 3186 ABP.
908 3132 1051 3186 BOWET.
1089 3147 1144 3186 aa).
1162 3133 1329 3189 1407-1423.

180 3282 220 3341 (41
236 3280 270 3339 v.)
421 3264 592 3339 HenricuS,
608 3267 670 3325 etc.
686 3264 815 3326 dilectis
831 3265 866 3325 in
882 3263 1010 3326 Christo
1026 3264 1102 3326 filiis
1118 3266 1238 3327 decano
1253 3271 1363 3329 nostro
1372 3267 1503 3350 Ripon’,

180 3341 308 3458 ''A'ssgll‘lff'
356 3380 481 3422 necnon
503 3361 663 3422 universis
687 3364 723 3420 et
747 3361 883 3444 singulis
906 3362 1095 3438 rectoribus,
1111 3363 1248 3441 vicariis,
1271 3369 1305 3426 et
1326 3365 1503 3446 capellanis

180 3483 283 3527 Mones,
355 3453 591 3537 parochialibus
617 3456 650 3516 in
675 3459 710 3516 et
736 3477 794 3537 per
816 3458 942 3519 dictum
966 3458 1160 3520 decanatum
1183 3464 1332 3523 nostrum
1360 3460 1503 3526 ubilibet

180 3547 333 3658 '5325ssqu
357 3550 582 3628 existentibus,
613 3551 762 3628 salutem,
792 3553 944 3634 graciam,
975 3557 1010 3615 et
1038 3554 1309 3617 benediccionem.
1363 3556 1504 3620 Provida

178 3657 294 3728 liberares
357 3646 579 3707 moderacione
593 3646 794 3728 digestarum
811 3668 969 3709 sacrarum
984 3650 1199 3712 tradicionum
1215 3651 1317 3714 dictat
1327 3655 1504 3718 auotoritas

179 3717 313 3820 mm
356 3742 397 3804 ab
413 3742 491 3804 olim
505 3742 635 3823 puplice
650 3743 864 3826 promulgata,
880 3749 979 3826 atque
994 3746 1284 3809 constitucionibus
1306 3748 1505 3813 sinodalibus

180 3834 265 3938 ssvmq’
276 3840 318 3879 0l0·
357 3838 499 3900 ecclesiae
513 3843 631 3900 nostrae
653 3837 845 3901 cathedralis
861 3840 955 3902 Beati
971 3840 1062 3903 Petri
1078 3843 1172 3904 Ebor.
1189 3863 1337 3924 expresse
1359 3850 1505 3924 cavetur,

180 3898 278 4012 indta
356 3936 522 3998 universos
537 3939 571 3996 et
587 3935 731 4018 singulos
746 3935 803 4018 qui
819 3956 901 3997 ausu
916 3938 1087 4000 temerario
1102 3939 1198 4000 dictae
1219 3943 1337 4002 nostrae
1359 3940 1506 4006 ecclesiae

180 4035 302 4139 ffiffi
355 4032 522 4094 libertates
537 4031 656 4094 violare
670 4036 729 4094 aut
743 4031 934 4114 infringere,
945 4032 997 4094 vel
1007 4034 1108 4095 eciam
1117 4039 1231 4114 cartas,
1240 4023 1362 4115 literas,
1373 4037 1507 4120 scripta,

180 4152 333 4210 infringeour
357 4128 572 4205 munimenta,
587 4127 720 4205 rotulos,
733 4149 791 4190 seu
806 4148 1024 4210 quascumque
1040 4129 1233 4208 evidencias,
1244 4131 1330 4212 jura,
1341 4132 1507 4214 velprivi·

167 4211 322 4327 'ffiigssfffl
357 4223 443 4306 legia
457 4223 603 4305 ejusdem
619 4226 842 4306 quoquomodo
864 4227 1091 4287 concernencia
1114 4225 1315 4305 subtrahere,
1329 4233 1506 4310 asportare,

180 4327 293 4384 chaam,
357 4323 567 4396 contrectare,
583 4338 640 4381 seu
663 4321 810 4383 detinere
833 4326 950 4402 praeter
964 4326 999 4382 et
1014 4325 1126 4384 contra
1140 4322 1342 4386 voluntatem
1356 4328 1415 4387 aut
1429 4345 1504 4409 per·

180 4387 312 4441 ‘m'wnh'
356 4415 543 4476 missionem
552 4416 751 4477 nostramvel
761 4417 931 4487 custodum
942 4417 1116 4480 eorundem
1126 4439 1185 4501 per
1193 4439 1251 4481 nos
1260 4419 1506 4502 deputatorum,
