3074 5032
245 357 418 408 niranors
445 356 543 407 mou
569 355 664 406 roan
691 354 904 420 aaarsraas3
932 354 1086 408 ustrou.
1345 334 1415 408 117

87 527 320 607 acquietamus,
351 525 557 602 absolvimus,
582 525 731 606 quietum
759 528 793 585 et
819 525 1005 588 absolutum
1032 524 1238 585 concedimus

86 642 144 702 per
169 627 354 703 praesentes.
410 622 451 682 In
475 620 568 702 cujus
594 621 641 681 rei
665 621 891 681 testimonium
920 621 1063 705 sigillum
1090 624 1237 681 nostrum

85 719 299 801 praesentibus
316 722 366 779 est
381 738 570 799 appensum.
617 716 691 778 Dat.
711 717 798 798 apud
814 715 956 793 Cawode,
971 717 1002 798 xj
1021 715 1128 779 Kal’n.
1144 716 1237 790 Maii,

85 815 179 876 Anno
194 815 326 876 Domini
341 813 516 875 millesimo
532 812 740 894 ccc¹¹¹⁰xxxvij,
757 818 791 874 et
805 817 896 893 pont.
912 814 1015 874 nostri
1030 819 1115 874 xxm.

152 964 400 1025 Memorandum
423 963 508 1044 quod
531 962 595 1043 xvj.
620 961 716 1022 Kal'n
732 963 753 1026 J
755 961 826 1037 ulii,
842 963 937 1023 Anno
952 963 1085 1024 Domini
1100 967 1236 1023 m⁰ccc¹¹¹⁰
1260 964 1381 1072 i4d⁹laar

84 1061 248 1121 tricesimo
286 1061 436 1140 septimo,
470 1059 556 1140 apud
588 1057 702 1133 Welle,
738 1057 889 1118 dominus
926 1058 1066 1119 contulit
1103 1058 1234 1118 domino
1259 1083 1322 1130 June
1334 1087 1369 1131 16,

84 1155 115 1216 N
117 1152 241 1217 icholao
256 1155 296 1216 de
313 1153 459 1235 Kirkeby
476 1153 652 1233 capellano,
668 1153 826 1234 capellam
841 1153 951 1214 Beatae
966 1154 1079 1215 Mariae
1088 1153 1233 1236 Virginis
1262 1175 1359 1222 Coraca

84 1250 211 1332 Ripon'‚
225 1255 259 1312 et
273 1251 431 1311 concessit
447 1250 508 1311 sibi
523 1249 691 1325 licenciam
706 1250 931 1329 prosternendi
946 1249 1072 1311 arbores
1087 1249 1123 1310 in
1138 1250 1232 1310 cimi·
1258 1235 1348 1341 m?

83 1348 166 1408 tario
188 1347 285 1408 dictae
309 1347 438 1427 capellae
460 1345 656 1406 crescentesl
675 1345 716 1406 ad
739 1343 919 1407 aedificand.
934 1366 991 1429 pro
1008 1366 1040 1408 se
1057 1350 1091 1408 et
1107 1366 1232 1408 succes·
1258 1354 1357 1425 Ms'l‘.

84 1444 208 1505 soribus
225 1444 290 1505 suis
307 1443 428 1504 ibidem
444 1443 652 1502 mansionem.
1256 1411 1368 1532 {mu

149 1592 344 1666 willelmus,
368 1596 430 1653 eto.
454 1590 582 1652 dilectis
604 1590 681 1650 filiis
704 1591 846 1672 capitulo
869 1591 1012 1653 eeclesiae
1033 1595 1151 1652 nostrae
1166 1590 1232 1652 col·
1258 1596 1360 1655 (4³9v·)

81 1689 210 1772 legiatae
231 1687 359 1770 Ripon’‚
376 1687 525 1763 salutem,
540 1687 692 1771 graciam,
716 1692 751 1748 et
773 1686 1046 1748 benediccionem.
1091 1687 1132 1747 In
1155 1686 1231 1749 cleri
1256 1657 1385 1772 iffglgffl

81 1790 115 1845 et
130 1783 243 1865 populi
257 1784 328 1868 agit
349 1788 516 1864 stuporem
539 1785 660 1864 patrati
684 1783 829 1843 criminis
852 1783 1068 1859 immensitas,
1085 1803 1124 1844 ex
1139 1781 1231 1864 cujus
1256 1795 1369 1870 Baetin-⁸
1427 1837 1431 1843 .

80 1881 250 1940 atrocitate
266 1880 384 1940 merito
407 1879 539 1960 querela
554 1883 664 1939 nostra
687 1879 854 1961 consurgit
878 1882 912 1940 et
935 1878 1074 1940 infertur
1089 1879 1232 1940 acerbior
1250 1871 1408 1975 ssss'fflssm

80 1977 129 2037 vis
155 1976 284 2037 doloris.
311 1976 455 2036 Audiant
481 1974 542 2035 filii
568 1974 741 2035 clamorem
768 1975 870 2055 patris
895 1979 930 2036 et
955 1976 1093 2056 suspiria
1118 1975 1231 2036 matris
1249 1975 1370 2078 {wrm

82 2071 234 2149 ecclesiae,
260 2072 448 2154 intelligant
475 2072 628 2147 universi,
659 2091 695 2132 ac
724 2091 781 2153 per
806 2072 989 2133 devocionis
1015 2070 1169 2134 affectum
1196 2073 1227 2133 in
1256 2049 1382 2152 nimia

79 2168 172 2229 illata
187 2167 306 2249 injuria
323 2169 470 2229 senoiant
485 2167 633 2228 unanimi
649 2168 867 2247 compassione
879 2171 1085 2250 puncturam.
1131 2166 1230 2230 Casus
1253 2152 1369 2255 ζ’(ζῇῗζω

80 2263 213 2343 quidem
229 2263 356 2345 injuriae
372 2263 504 2324 emersit
518 2263 635 2343 gravis,
651 2261 735 2323 facto
760 2261 887 2340 flebilis,
903 2264 1050 2344 cogitatu
1065 2264 1229 2342 terribilis,
1255 2270 1384 2316 lobnam
1483 2278 1487 2285 '

79 2356 241 2420 horribilis
251 2360 377 2437 auditu,
389 2356 670 2440 nephandissimus
682 2362 767 2434 actu,
779 2357 996 2420 destestabilis
1007 2356 1088 2444 (sic)
1100 2359 1229 2438 scelere,
1254 2330 1407 2436 ffliffl

80 2455 274 2517 inmanitate
294 2455 523 2537 nequissimus,
538 2454 607 2514 Deo
630 2454 785 2514 nimirum
808 2452 1054 2517 abhominabilis
1073 2460 1107 2518 et
1122 2453 1229 2518 homi·
1254 2448 1281 2492 d‘
1295 2448 1382 2495 ΜΝ·

78 2551 175 2613 nibus
192 2551 331 2613 odiosus.

146 2647 230 2709 Sane
246 2649 307 2709 viri
331 2648 527 2729 sanguinum
551 2645 760 2729 quamplures
781 2647 909 2725 armati,
930 2647 1034 2709 Belial
1057 2647 1127 2725 filii,
1142 2650 1229 2730 pacis
1255 2654 1323 2701 Some
1333 2670 1388 2727 pons

78 2744 199 2816 aemuli‚
222 2764 287 2804 non
316 2742 474 2805 habentes
504 2743 655 2804 timorem
678 2743 812 2804 Domini
841 2743 892 2804 vel
914 2764 1067 2820 amorem,
1092 2765 1229 2827 quorum
1254 2715 1280 2760 of
1289 2713 1365 2761 ΒΜ

78 2839 269 2922 ignorantur
291 2840 423 2900 nomina
446 2844 481 2899 et
503 2859 656 2920 personae,
679 2839 862 2900 manerium
886 2844 1032 2902 nostrum
1055 2840 1172 2922 Ripon’
1190 2845 1229 2903 ut

77 2934 191 3014 perfidi
215 2933 366 2997 Sathanae
390 2934 546 2996 satellites
568 2954 672 3014 nuper
686 2939 845 2995 nocturno
860 2939 1006 3015 tempore
1022 2937 1228 3016 invadentes,

77 3027 161 3091 fores
185 3035 219 3092 et
237 3029 355 3112 januas
385 3030 532 3112 ejusdem
555 3029 733 3111 fregerunt,
758 3033 791 3090 et
820 3029 907 3090 ultra
935 3032 1106 3114 progressi,
1135 3034 1230 3112 ostia,
1250 3051 1313 3097 have

79 3131 188 3187 vectes
218 3126 346 3204 ferreos,
371 3124 535 3203 cathenas,
562 3131 597 3186 et
622 3145 705 3185 seras
729 3126 863 3186 carceris
886 3127 988 3186 nostri
1011 3126 1095 3188 infra
1121 3135 1229 3209 scepta
1250 3110 1402 3227 ξζζιῗὲεξζω

79 3222 220 3285 ecclesiae
236 3223 352 3305 Ripon’
362 3228 396 3284 et
410 3224 480 3284 loca
499 3243 585 3284 sacra
602 3220 757 3303 ejusdem,
768 3221 808 3282 ad
824 3222 1011 3284 clericorum
1027 3225 1228 3287 irretitorum
1385 3203 1392 3226 ⁹

79 3320 269 3381 criminibus
285 3325 319 3380 et
334 3318 576 3381 diffamatorum
591 3318 684 3379 nobis
700 3338 757 3398 per
768 3316 967 3399 justiciarios
983 3319 1107 3381 domini
1123 3323 1227 3382 nostri

79 3414 179 3498 Regis
193 3416 400 3478 liberatorum
410 3414 590 3475 custodiam
603 3413 786 3494 specialiter
796 3413 953 3494 deputati,
964 3435 1039 3477 cum
1052 3417 1227 3493 securibus
1249 3436 1310 3484 with
1320 3451 1386 3496 axes,

78 3511 226 3589 cestibus,
238 3511 404 3587 martellis,
416 3515 449 3571 et
464 3509 536 3571 aliis
551 3510 777 3570 instrumentis
793 3508 904 3571 ferreis
917 3515 950 3572 et
964 3510 1083 3593 ligneis
1098 3513 1228 3594 impetu
1248 3497 1402 3604 filssffiffggnd

77 3609 310 3685 contriverunt,
334 3612 368 3669 et
385 3607 544 3668 violencia
569 3605 721 3689 sacrilega
743 3606 961 3688 disruperunt,
977 3606 1160 3672 Johannem
1183 3612 1226 3673 de
1248 3633 1343 3678 sacrile-
1369 3591 1376 3614 ⁹

75 3704 241 3785 Mauneby
256 3710 289 3765 et
312 3704 491 3766 Robertum
515 3703 555 3763 de
578 3701 687 3764 Seton’
703 3707 736 3764 et
759 3702 838 3763 alios
861 3703 990 3765 clericos
1016 3705 1225 3769 incarceratos
1248 3692 1344 3752 ΜΨ

1248 3751 1364 3810 releasing

75 3799 198 3861 ibidem
220 3821 315 3881 super
336 3798 504 3860 homicidii
525 3799 660 3859 crimine
684 3802 718 3858 et
741 3798 813 3859 aliis
836 3797 972 3881 flagiciis
987 3799 1131 3863 infamiae
1146 3807 1224 3864 nota
1246 3808 1391 3866 inprisoned

74 3915 246 3976 respersos
273 3900 389 3977 praeter
413 3901 447 3956 et
471 3898 581 3955 contra
596 3893 798 3954 voluntatem
825 3899 968 3956 nostram
995 3899 1029 3956 et
1052 3898 1223 3960 custodum
1245 3867 1350 3984 gilii&

75 3990 154 4053 dicti
192 3993 335 4066 carceris
367 3993 523 4071 oeperunt
558 3994 592 4050 et
622 4008 704 4048 ausu
735 3985 891 4069 nephario
921 3990 1135 4068 abduxerunt,
1167 4013 1223 4054 seu
1245 3984 1398 4091 gfffflaffiml·

73 4079 178 4160 ruptis
202 4078 412 4159 compedibus
436 4084 469 4140 et
493 4076 609 4138 vinclis
634 4076 768 4137 evadere
794 4080 828 4137 et
852 4075 965 4159 fugere
994 4079 1223 4159 permiserunt,
1245 4101 1313 4169 ⁰²l⁰¹

73 4195 187 4255 resque
204 4176 306 4237 varias
321 4176 445 4236 ibidem
460 4176 731 4254 consumpserunt
755 4176 789 4233 et
812 4171 946 4234 subdole
969 4179 1223 4255 contractarunt,
1244 4173 1335 4220 ‘mmm‘

72 4273 303 4354 libertatesque
320 4273 461 4335 ecclesiae
476 4276 593 4333 nostrae
609 4270 704 4331 Ebor.
721 4274 756 4331 et
770 4267 841 4351 ejus
852 4267 928 4351 jura
942 4271 1174 4354 perturbarunt
1189 4279 1224 4337 et

129 4407 172 4474 (l)
191 4407 257 4460 This
269 4406 390 4478 requirad
409 4424 425 4459 a
442 4406 552 4473 ticenae,
566 4422 596 4457 as
614 4403 722 4474 cutting
733 4405 815 4457 down
833 4409 903 4458 trees
921 4403 949 4458 in
966 4404 1150 4477 churchyards
1167 4408 1223 4477 bad

72 4484 149 4538 often
161 4484 228 4538 been
239 4485 389 4540 forbidden.
426 4484 476 4538 See
489 4483 583 4550 above,
595 4483 647 4538 vol.
661 4481 678 4537 i.
692 4500 717 4553 p.
731 4481 774 4538 76.
1074 4480 1077 4491 “
