3074 5032
662 317 870 370 MEMORIALS
896 319 940 369 OF
966 319 1085 370 RIPON.

294 505 332 546 ea
353 487 476 568 recepit
499 492 533 549 et
556 486 703 570 ejusdem
725 487 838 548 valoris
861 488 896 547 in
919 487 1007 549 dicto
1029 485 1183 568 hospitali
1205 490 1333 552 custodi
1356 489 1443 573 ejus·

293 582 369 643 dem
393 584 455 644 sibi
471 605 655 645 successuro
670 584 818 645 dimittat
833 588 866 644 et
882 583 999 645 liberet
1014 603 1070 664 per
1084 585 1248 666 integrum
1265 607 1441 649 numerum

293 678 505 742 antedictum.
550 681 711 742 Praeterea
742 681 783 741 ad
814 680 1006 740 instanciam
1029 680 1109 741 dicti
1132 681 1255 742 domini
1281 683 1441 745 Willelmi

293 775 498 837 concedimus
536 782 570 838 et
603 777 748 838 caritatis
781 776 907 836 intuitu
942 777 1138 847 ordinamus
1168 779 1253 858 quod
1290 778 1440 842 dominus

115 893 223 939 wius,
293 869 477 933 Willelmus
508 872 550 933 de
581 873 731 934 Paunton
764 871 958 952 capellanus,
982 876 1016 932 et
1047 873 1180 953 quidam
1211 872 1377 936 Johannes
1407 875 1439 936 16

115 953 136 998 P
137 957 227 998 aunton
293 966 455 1028 Pourman
478 969 519 1030 de
541 969 687 1050 Wytton,
710 968 767 1049 qui
790 968 912 1029 ibidem
934 973 1080 1048 tempore
1103 966 1201 1050 hujus
1225 969 1439 1054 ordinacionis

115 1012 267 1116 hhhr‘llinli
293 1063 437 1125 existunt
459 1065 494 1124 in
517 1065 604 1126 dicto
628 1063 779 1145 hospitali
803 1084 860 1124 suo
883 1071 1050 1125 morentur
1070 1069 1238 1146 perpetuo
1283 1067 1337 1128 Ita
1352 1068 1438 1148 quod

114 1130 239 1233 pptlppged
291 1159 367 1220 inde
399 1181 464 1221 non
496 1165 706 1222 amoveantur
728 1160 836 1235 inviti,
859 1164 894 1220 et
916 1160 1020 1240 quoad
1043 1160 1184 1221 vixerint
1206 1161 1438 1224 condecentem

113 1246 224 1306 ¹¹⁰⁸P¹²⁴³l
292 1256 367 1316 vitae
391 1274 455 1317 suae
480 1257 754 1317 sustentacionem
786 1256 821 1315 in
844 1256 933 1316 victu
949 1262 983 1316 et
1005 1256 1128 1316 vestitu
1151 1260 1249 1335 prout
1263 1255 1436 1319 facultates

291 1350 406 1412 domus
430 1372 487 1411 seu
510 1350 678 1432 hospitalis
698 1352 844 1432 praedicti
861 1355 1040 1432 suppetunt
1054 1352 1232 1432 percipiant
1248 1357 1283 1413 et
1297 1349 1440 1415 habeant

290 1445 326 1505 in
345 1447 469 1508 eodem.
515 1448 555 1507 In
571 1467 708 1527 quorum
724 1448 871 1508 omnium
887 1447 1113 1508 testimonium
1129 1447 1273 1530 sigillum
1289 1454 1438 1511 nostrum

288 1542 504 1622 praesentibus
527 1549 578 1603 est
600 1564 791 1623 appensum.
836 1543 911 1604 Dat.
934 1543 1022 1623 apud
1045 1542 1170 1603 Burton
1191 1543 1286 1624 juxta
1308 1544 1439 1606 Beuerl'

289 1638 374 1699 Non.
390 1639 491 1719 April.
512 1640 606 1700 Anno
626 1640 741 1722 graciae
759 1639 809 1700 Μ0
827 1644 893 1699 6660
911 1639 1026 1720 primo,
1047 1643 1080 1700 et
1101 1639 1309 1721 pontificatus
1332 1642 1437 1702 nostri

290 1736 439 1797 secundo

114 1942 156 2000 (67
164 1941 197 2000 v.)
355 1927 504 2005 Thomas,
527 1929 590 1990 Dei
612 1929 719 2012 gracia
740 1932 813 2006 eto,
836 1928 965 1990 dilectis
988 1928 1022 1988 in
1046 1926 1173 1990 Christo
1194 1927 1269 1990 filiis
1291 1929 1436 2009 capitulo

113 2002 241 2117 §gss'tffff'l'
290 2024 416 2105 Rypon,
433 2025 583 2102 salutem,
598 2026 749 2107 graciam,
765 2030 800 2086 et
814 2024 1088 2085 benediccionem.
1134 2024 1216 2097 Quia
1231 2025 1437 2086 intendimus

112 2141 203 2211 nemu·
289 2140 346 2200 per
370 2120 432 2182 Dei
455 2122 596 2202 graciam
619 2142 674 2182 vos
701 2123 736 2181 in
761 2120 903 2202 capitulo
926 2125 1032 2181 vestro
1055 2121 1107 2181 die
1128 2121 1229 2182 Lunae
1251 2142 1338 2202 prox.
1361 2127 1437 2203 post

112 2207 216 2316 {zm
289 2216 414 2276 instans
445 2215 566 2277 festum
599 2217 692 2278 Beati
718 2215 900 2294 Michaelis,
922 2216 963 2277 ad
995 2217 1228 2278 recreacionem
1253 2218 1437 2279 animarum

112 2317 205 2375 Ripon’,
218 2333 246 2362 110
289 2316 468 2372 vestrarum
500 2312 713 2392 personaliter
744 2313 877 2388 intueri,
900 2333 936 2373 ao
967 2312 1164 2372 visitacionis
1186 2312 1327 2373 officium
1349 2314 1437 2394 apud

111 2392 250 2480 meeum
288 2427 344 2468 vos
367 2411 401 2468 et
423 2407 591 2469 ecclesiam
614 2407 738 2489 Rypon’
753 2408 897 2488 paternis
913 2407 1081 2467 affectibus
1097 2428 1255 2485 exercere,
1271 2409 1360 2470 vobis
1383 2410 1436 2469 in-

109 2496 243 2598 mh?
284 2503 456 2586 jungimus
480 2509 515 2565 et
536 2504 726 2564 mandamus
749 2509 910 2585 quatenus
934 2523 1046 2564 omnes
1068 2508 1102 2564 et
1126 2505 1247 2586 singuli
1272 2505 1359 2566 dicto
1381 2505 1434 2567 die

178 2568 193 2613 J
224 2587 230 2600 ’
287 2600 380 2661 nobis
412 2619 563 2680 personas
594 2603 715 2660 vestras
737 2599 871 2676 ibidem,
895 2603 929 2659 et
959 2599 1101 2659 votivam
1122 2599 1331 2680 praesenciam
1353 2620 1435 2681 prae·

287 2697 441 2772 tendatis,
471 2701 579 2756 nostra
618 2694 756 2756 salubria
793 2695 927 2771 monita,
957 2696 1183 2773 correcoiones,
1214 2700 1248 2756 et
1283 2695 1434 2778 injuncta

287 2791 397 2852 debita
421 2796 455 2852 et
470 2791 586 2853 devota
610 2791 794 2852 reverencia
817 2791 990 2871 recepturi,
1006 2811 1045 2852 ex
1069 2790 1187 2872 quibus
1210 2789 1336 2852 fructus
1359 2813 1434 2873 pro·

286 2888 396 2948 veniat
419 2887 564 2969 placidus
591 2888 648 2969 qui
670 2888 759 2949 vobis
783 2888 911 2947 utinam
938 2886 1085 2967 proficiat
1110 2887 1193 2948 sicut
1217 2888 1368 2968 cupimus
1390 2889 1432 2950 ad

114 3010 209 3057 Absens
287 2983 437 3044 salutem.
480 2983 530 3044 Ad
556 3004 654 3065 quem
684 2983 771 3044 diem
797 3004 885 3044 nunc
915 2983 1064 3043 absentes
1095 2981 1271 3044 confratres
1301 2989 1434 3065 propter

112 3072 265 3176 33¹¹&fo
286 3080 450 3160 praemissa
465 3084 499 3140 et
514 3079 661 3161 quaedam
685 3079 748 3140 alia
763 3099 835 3159 quae
857 3098 1064 3139 communem
1086 3077 1266 3139 utilitatem
1289 3080 1434 3142 ecclesiae

159 3144 216 3189 p*
286 3180 320 3236 et
345 3174 488 3257 singulas
513 3173 661 3257 ejusdem
692 3195 843 3256 personas
874 3174 1071 3255 contingunt
1099 3193 1270 3235 convocare
1301 3176 1433 3238 curetis.

286 3270 456 3348 Caeterum,
474 3272 551 3352 quia
570 3270 693 3331 clerum
709 3275 743 3331 61
765 3269 921 3352 populum
943 3289 1123 3329 communae
1138 3274 1172 3330 61
1186 3269 1432 3350 praebendarum

285 3374 466 3428 vestrarum
490 3367 543 3428 die
560 3367 676 3427 Martis
695 3387 783 3448 prox.
799 3370 873 3447 post
895 3364 1018 3426 festum
1041 3365 1136 3426 Beati
1157 3363 1327 3428 Michaelis
1350 3388 1432 3449 prae·

284 3464 411 3524 dictum
426 3464 461 3523 in
477 3462 610 3523 ecclesia
632 3463 702 3543 ipsa
717 3463 873 3544 Riponiae,
889 3462 1092 3523 intendimus
1116 3462 1266 3524 similiter
1281 3464 1432 3539 visitare3

109 3585 194 3641 vicus,
284 3559 373 3620 vobis
389 3557 580 3619 mandamus
595 3562 755 3638 quatenus
771 3558 880 3619 citetis
895 3558 947 3619 vel
963 3558 1054 3618 citari
1066 3555 1191 3619 faciatis
1202 3561 1430 3640 peremptorie,

109 3645 260 3761 mm}
284 3655 324 3716 de
340 3674 511 3714 communa
526 3658 560 3714 61
576 3654 713 3737 singulis
725 3654 904 3735 praebendis
916 3655 1031 3715 vestris
1043 3654 1175 3715 vicarios
1192 3660 1226 3716 et
1236 3654 1430 3735 presbiteros

108 3764 134 3807 to
144 3762 173 3808 bc
183 3764 254 3810 cited.
284 3750 391 3832 quiin
407 3749 530 3810 eisdem
545 3749 745 3826 ministrant,
761 3770 797 3810 ac
821 3750 923 3810 eciam
938 3754 1005 3810 tres
1022 3751 1073 3811 vel
1097 3754 1235 3831 quatuor
1250 3750 1334 3811 viros
1349 3751 1431 3812 fide-

283 3849 398 3930 dignos
422 3846 462 3907 de
485 3844 673 3906 tenentibus
697 3845 839 3906 ecclesiae
861 3866 1043 3906 communae
1068 3850 1102 3906 et
1127 3845 1329 3927 singularum
1351 3868 1431 3928 prae·

282 3944 462 4006 bendarum
493 3945 672 4002 vestrarum
710 3940 834 4022 Rypon’
865 3961 944 4022 quos
982 3941 1106 4003 caeteris
1135 3940 1286 4023 praeferat
1323 3944 1433 4023 opinio

282 4037 517 4115 commendata,
533 4037 618 4118 quod
634 4037 731 4097 dictis
754 4037 808 4098 die
831 4037 948 4098 Martis
972 4042 1006 4098 et
1027 4037 1097 4097 loco
1112 4038 1308 4117 tempestive
1324 4058 1432 4100 coram

282 4136 375 4197 nobis
391 4134 442 4195 vel
458 4133 582 4194 clericis
600 4133 718 4193 nostris
741 4132 953 4193 familiaribus
977 4136 1193 4213 compareant,
1209 4133 1432 4195 visitacionem

281 4235 425 4291 nostram
450 4229 566 4290 devote
590 4234 624 4290 et
648 4227 817 4289 humiliter
840 4228 1022 4304 admissuri,
1038 4226 1281 4289 exhortaciones
1304 4234 1338 4291 et
1361 4250 1429 4292 cor-

281 4327 443 4387 reccioncs
467 4325 592 4386 debitas
617 4325 769 4385 canonice
786 4324 937 4385 subituri.
983 4324 1049 4385 Nos
1073 4329 1186 4385 autem
1209 4345 1306 4406 super
1329 4323 1429 4408 hujus

281 4421 472 4482 execuoione
488 4420 644 4496 mandati,
660 4425 694 4481 et
716 4420 757 4481 de
780 4420 1011 4482 convocacione
1027 4419 1237 4498 confratrum,
1254 4425 1288 4483 et
1310 4421 1352 4484 de
1375 4422 1429 4483 die
