3074 5032
283 362 456 414 uxrmsrs
480 362 579 414 FROM
604 363 701 416 YORK
726 361 937 429 summram
963 365 1115 420 Metron.
1371 355 1442 430 107

121 528 264 591 ecclesiae
278 530 336 611 qui
351 529 391 591 de
408 528 484 611 jure
500 530 551 592 vel
566 530 606 592 de
621 531 856 594 consuetudine
873 536 950 595 sunt
964 534 999 594 in
1014 534 1135 598 talibus
1151 556 1268 600 convo·

120 626 228 704 candi,
238 627 419 688 convocetis
436 647 494 688 seu
509 628 617 689 citetis
632 629 798 690 convocari
813 629 864 690 vel
874 631 967 692 citari
982 629 1108 693 faciatis
1119 652 1268 716 peremp-

120 721 214 800 torie,
229 722 315 803 quod
330 722 418 783 dicto
433 723 532 784 tercio
547 722 600 784 die
619 721 760 805 juridico
775 744 850 785 cum
865 726 1112 788 continuacione
1130 728 1267 807 dierum,

120 816 149 877 si
171 837 303 879 necesse
325 817 435 894 fuerit,
451 823 531 880 tunc
554 820 776 900 sequencium,
792 823 827 880 in
851 822 993 902 capitulo
1014 822 1110 885 dictae
1126 825 1267 886 ecclesiae

119 916 237 974 nostrae
260 913 386 995 Rypon’
408 934 465 994 per
489 934 522 975 se
546 915 598 975 vel
622 920 842 996 procuratores
862 918 1004 998 ydoneos
1031 922 1066 980 et
1091 919 1267 982 instructos

119 1005 277 1076 habentes
292 1014 488 1091 potestatem
501 1010 672 1090 specialem
682 1011 722 1072 ad
732 1013 938 1074 tractandum
950 1017 984 1074 et
995 1015 1266 1076 consenciendum
1283 1054 1286 1061 ·

118 1101 184 1165 hiis
207 1125 290 1186 quae,
313 1111 443 1167 auctore
465 1107 614 1183 Domino,
638 1127 733 1188 super
747 1109 917 1188 praemissis
942 1113 977 1170 εὴ
997 1109 1069 1171 aliis
1092 1112 1268 1195 contigerit

118 1203 199 1261 tunc
225 1201 347 1263 ibidem
372 1202 541 1264 salubriter
567 1203 717 1280 ordinari,
744 1208 949 1284 compareant
974 1225 1080 1266 coram
1106 1206 1198 1269 nobis
1215 1206 1267 1268 vel

118 1297 344 1359 commissariis
359 1298 478 1359 nostris
493 1302 552 1359 aut
567 1300 795 1377 commissario,
810 1300 959 1381 pluribus
981 1304 1040 1363 aut
1061 1320 1139 1379 unc,
1155 1322 1265 1364 sanam

117 1391 387 1455 deliberacionem
410 1398 445 1454 et
466 1393 638 1455 consilium
654 1415 748 1456 suum
771 1396 806 1456 in
827 1392 887 1456 hac
911 1400 1003 1477 parte
1027 1397 1215 1478 impensuri,
1231 1404 1266 1460 et

117 1486 285 1549 nobiscum
302 1508 397 1570 super
411 1487 475 1550 hiis
491 1494 526 1550 et
541 1510 578 1550 ea
594 1491 871 1573 contingentibus,
884 1512 920 1552 ac
935 1490 1008 1553 aliis
1025 1497 1148 1555 statum
1163 1495 1264 1575 ipsius

117 1583 270 1661 ecclesiae,
279 1584 553 1662 reformacionem,
564 1589 598 1647 et
613 1586 756 1666 quietern
766 1586 1046 1663 concernentibus
1058 1588 1220 1667 tradituri,
1231 1595 1265 1652 et

116 1699 246 1741 causam
260 1681 498 1759 racionabilem,
515 1682 655 1763 siquam
675 1702 733 1763 pro
756 1702 788 1743 se
811 1679 964 1760 habeant,
980 1703 1078 1764 quare
1100 1686 1264 1764 praemissa

116 1780 152 1837 et
166 1776 229 1836 alia
244 1776 340 1838 utilia
354 1797 412 1858 pro
422 1782 511 1838 statu
526 1782 560 1839 εὴ
574 1774 694 1838 honore
703 1778 805 1859 ipsius
817 1776 958 1838 ecclesiae
970 1779 1117 1840 ordinare
1127 1781 1263 1842 minime

116 1871 301 1950 debeamus,
330 1893 388 1954 pro
418 1874 558 1935 termino
587 1875 719 1955 praeciso
745 1879 780 1935 et
812 1874 1028 1955 peremptorio
1057 1875 1262 1955 proposituri,

116 1969 287 2045 ostensuri,
304 1973 337 2029 et
351 1967 479 2046 facturi,
496 1978 622 2031 necnon
637 1969 678 2030 ad
694 1967 965 2031 consenciendum
980 1966 1044 2030 hiis
1059 1990 1130 2051 quae
1150 1991 1262 2032 secun-

116 2063 196 2124 dum
211 2063 318 2125 Deum
333 2084 389 2144 pro
404 2063 523 2126 honore
540 2069 574 2126 εὴ
596 2064 742 2126 utilitate
764 2065 866 2146 ipsius
890 2062 1032 2126 ecclesiae
1047 2066 1116 2126 visa
1138 2065 1262 2129 fuerint

116 2160 274 2240 expedire,
289 2159 331 2220 ad
349 2161 435 2240 quod
455 2161 752 2238 tenemur,fflvotivis
774 2159 943 2223 affectibus
959 2161 1148 2242 aspiramuS,
1168 2160 1261 2224 habi-

114 2256 180 2316 turi
206 2255 343 2317 ulterius
374 2260 408 2316 et
432 2257 593 2336 recepturi
623 2257 709 2337 quod
732 2258 970 2337 praemissorum
996 2258 1134 2338 qualitas
1159 2258 1261 2343 exigit

115 2354 149 2411 et
170 2354 286 2412 natura
298 2373 307 2427 3
331 2355 365 2412 et
388 2350 618 2412 nichilominus
643 2352 767 2432 copiam
791 2350 890 2433 hujus
921 2352 1087 2414 citacionis
1110 2373 1260 2434 procura·
1286 2366 1343 2426 (100
1354 2366 1389 2426 υ.)

113 2446 235 2508 toribus
259 2447 434 2508 eorundem
458 2447 485 2508 si
508 2467 587 2528 quos
610 2447 733 2509 ibidem
756 2447 952 2524 dimiserint,
973 2447 1129 2526 liberetis,
1159 2453 1195 2511 et
1224 2449 1259 2510 in
1285 2445 1381 2549 &⁰⁰13
1391 2447 1419 2492 ⁰f

112 2542 246 2604 ecclesia
267 2542 337 2622 ipsa
360 2562 456 2623 super
478 2541 585 2624 majus
608 2543 709 2604 altare
735 2562 771 2603 ao
790 2543 826 2602 in
846 2541 949 2604 stallis
973 2544 1160 2620 eorundem,
1175 2543 1261 2606 facta
1285 2517 1424 2632 iiiiii»

111 2635 301 2720 hujusmodi
330 2639 488 2699 citacione
520 2642 553 2699 et
576 2639 830 2720 proclamacione
860 2638 991 2720 publica
1020 2640 1056 2701 in
1080 2640 1260 2702 multorum
1284 2620 1436 2725 {¹32¹ssssss

111 2735 295 2814 praesencia,
318 2734 516 2808 dimittatis3
544 2737 578 2795 et
600 2734 740 2817 qualiter
762 2735 954 2796 mandatum
976 2740 1123 2797 nostrum
1145 2735 1260 2818 hujus·
1283 2738 1387 2796 proxsea

111 2829 200 2890 modi
214 2828 342 2892 fueritis
358 2831 497 2906 executi,
513 2833 546 2890 et
562 2851 641 2911 quos
657 2832 822 2892 convocari
846 2852 903 2893 seu
919 2831 1011 2892 citari
1033 2831 1186 2909 feceritis,
1200 2851 1259 2893 nos

111 2925 192 2986 citra
206 2926 332 2986 dictum
347 2926 435 2986 diem
458 2925 611 2987 distincte
627 2930 661 2986 et
676 2930 787 3007 aperte
810 2928 928 2988 curetis
950 2926 1084 2988 reddere
1107 2927 1260 2988 cerciores

110 3041 169 3103 per
183 3021 293 3083 literas
308 3027 431 3083 vestras
446 3026 597 3101 patentes
612 3020 727 3083 harum
744 3023 859 3083 seriem
883 3026 917 3084 et
939 3024 1114 3084 citatorum
1128 3023 1260 3085 nomina

111 3118 328 3179 continentes.
373 3117 448 3178 Dat.
465 3118 552 3198 apud
575 3116 719 3194 Cawode,
735 3116 790 3199 viij
816 3118 895 3179 ldus
911 3117 1018 3195 Febr,
1033 3119 1128 3179 Anno
1142 3119 1259 3202 graciae

110 3212 283 3274 millesimo
298 3217 385 3274 cccm⁰
400 3213 563 3274 tricesimo
576 3213 692 3293 primo,
708 3217 742 3274 et
756 3217 846 3293 pont.
862 3214 965 3275 nostri
979 3213 1054 3275 xv⁰.'

177 3309 277 3392 Cujus
300 3310 494 3370 auctoritate
519 3313 553 3371 ct
578 3311 700 3372 virtute
725 3309 870 3371 mandati
893 3310 994 3371 vestri
1019 3310 1199 3388 reverendi,
1221 3309 1258 3371 in
1282 3331 1375 3378 nuche

110 3405 196 3467 dicta
211 3406 345 3467 ecclesia
360 3410 467 3467 vestra
481 3403 606 3486 Rypon’
621 3425 733 3467 omnes
749 3409 783 3467 et
807 3405 951 3488 singulos
972 3407 1143 3469 canonicos
1167 3406 1257 3468 illius
1282 3405 1411 3497 ffi‘gnfioen

110 3501 261 3578 ecclesiae,
278 3501 430 3562 videlicet
444 3503 638 3585 magistmm
660 3501 840 3564 Robertum
856 3501 896 3562 de
913 3501 1049 3581 Baldok,
1064 3504 1258 3587 magistrum
1282 3509 1351 3556 cited·
1436 3578 1439 3584 1

110 3597 288 3659 Robertum
299 3597 340 3658 de
356 3597 593 3680 Bridelington,
604 3597 797 3680 magistrum
808 3597 950 3659 Alanum
961 3599 1002 3659 de
1015 3597 1257 3683 Coningburgh,

109 3693 303 3776 magistrum
332 3690 511 3753 Robertum
540 3692 581 3753 de
618 3691 754 3774 Rypon’,
784 3690 953 3754 dominum
982 3692 1184 3756 Willelmum
1216 3695 1257 3756 de

110 3788 274 3866 Cusancia,
312 3788 482 3849 dominum
518 3787 701 3851 Johannem
739 3787 779 3849 de
817 3787 988 3866 Eucrdon’,
1023 3794 1057 3851 et
1088 3791 1257 3851 dominum

108 3883 291 3948 Johannem
312 3885 344 3946 le
376 3883 495 3960 Smale,
524 3884 560 3944 in
591 3884 692 3946 stallis
723 3883 899 3945 eorundem
923 3885 1148 3946 canonicorum
1170 3884 1257 3945 facta

108 3981 265 4041 citacione
296 3984 331 4041 et
360 3979 613 4060 proclamacione
643 3979 773 4060 publica
803 3979 839 4039 in
868 3978 1047 4040 multorum
1075 3979 1257 4040 astancium

107 4076 290 4158 praesencia,
306 4075 549 4136 convocavimus
570 4079 605 4136 εὴ
619 4075 834 4155 peremptorie
850 4074 1033 4150 citavimus,
1048 4073 1134 4154 quod
1156 4072 1256 4135 iidem

108 4172 253 4233 canonici
268 4189 381 4232 omnes
404 4175 437 4232 et
461 4170 581 4254 singuli
604 4174 812 4249 compareant
833 4188 892 4249 per
914 4189 948 4229 se
963 4168 1016 4230 vel
1037 4172 1256 4250 procuratores

107 4268 247 4349 ydoneos
271 4271 306 4328 et
328 4268 514 4343 instructos,
542 4265 713 4347 specialem
735 4267 934 4345 potestatem
957 4261 1125 4343 habentes,
1149 4285 1256 4326 coram

108 4364 198 4426 vobis
213 4362 265 4424 vel
280 4363 506 4425 commissoriis
522 4363 636 4424 vestris
652 4360 801 4443 pluribus
816 4363 876 4421 aut
891 4359 949 4421 uni
971 4359 1012 4422 ad
1028 4360 1153 4422 dictum
1167 4360 1256 4424 diem

104 4458 282 4541 juridicum
304 4463 380 4540 post
394 4458 515 4521 festum
531 4457 643 4520 Sancti
659 4455 808 4540 Gregorii
824 4475 915 4538 papae
935 4455 971 4516 in
993 4455 1146 4538 praedicto
1168 4456 1255 4539 capi·
1279 4465 1341 4512 Mar.
1353 4463 1389 4514 12.
