<?xml version="1.0" encoding="UTF-8"?>
<!DOCTYPE html PUBLIC "-//W3C//DTD XHTML 1.0 Transitional//EN"
    "http://www.w3.org/TR/xhtml1/DTD/xhtml1-transitional.dtd">
<html xmlns="http://www.w3.org/1999/xhtml" xml:lang="en" lang="en">
 <head>
  <title>
</title>
<meta http-equiv="Content-Type" content="text/html;charset=utf-8" />
  <meta name='ocr-system' content='tesseract 3.04.00' />
  <meta name='ocr-capabilities' content='ocr_page ocr_carea ocr_par ocr_line ocrx_word'/>
</head>
<body>
  <div class='ocr_page' id='page_1' title='image "./memorialschurch02fowlgoog_0238.png"; bbox 0 0 3074 5032; ppageno 0'>
   <div class='ocr_carea' id='block_1_1' title="bbox 434 353 925 407">
    <p class='ocr_par' dir='ltr' id='par_1_1' title="bbox 434 353 925 407">
     <span class='ocr_line' id='line_1_1' title="bbox 434 353 925 407; baseline -0.004 -1"><span class='ocrx_word' id='word_1_1' title='bbox 434 355 702 407; x_wconf 77' lang='lat' dir='ltr'>Pnassnnnnnlns</span> <span class='ocrx_word' id='word_1_2' title='bbox 728 354 772 406; x_wconf 70' lang='lat' dir='ltr'>Ol*</span> <span class='ocrx_word' id='word_1_3' title='bbox 798 353 925 405; x_wconf 78' lang='lat' dir='ltr'>rflonr.</span> 
     </span>
    </p>
   </div>
   <div class='ocr_carea' id='block_1_2' title="bbox 109 474 1256 705">
    <p class='ocr_par' dir='ltr' id='par_1_2' title="bbox 109 474 1256 705">
     <span class='ocr_line' id='line_1_2' title="bbox 148 474 1255 606; baseline -0.001 -21"><span class='ocrx_word' id='word_1_4' title='bbox 148 474 242 588; x_wconf 28' lang='lat' dir='ltr'>&#39;Mn</span> <span class='ocrx_word' id='word_1_5' title='bbox 264 523 367 586; x_wconf 82' lang='lat' dir='ltr'><strong>HUGH</strong></span> <span class='ocrx_word' id='word_1_6' title='bbox 394 526 538 602; x_wconf 80' lang='lat' dir='ltr'>Asuron,</span> <span class='ocrx_word' id='word_1_7' title='bbox 563 524 635 587; x_wconf 91' lang='lat' dir='ltr'>coll.</span> <span class='ocrx_word' id='word_1_8' title='bbox 662 544 694 605; x_wconf 90' lang='lat' dir='ltr'>p.</span> <span class='ocrx_word' id='word_1_9' title='bbox 719 543 781 586; x_wconf 85' lang='lat' dir='ltr'>res.</span> <span class='ocrx_word' id='word_1_10' title='bbox 812 518 881 585; x_wconf 60' lang='lat' dir='ltr'>Mn.</span> <span class='ocrx_word' id='word_1_11' title='bbox 908 521 997 584; x_wconf 88' lang='lat' dir='ltr'>Will.</span> <span class='ocrx_word' id='word_1_12' title='bbox 1021 519 1118 584; x_wconf 82' lang='lat' dir='ltr'>Coke.</span> <span class='ocrx_word' id='word_1_13' title='bbox 1157 518 1255 606; x_wconf 82' lang='lat' dir='ltr'>(Reg.</span> 
     </span>
     <span class='ocr_line' id='line_1_3' title="bbox 109 616 1256 705; baseline -0.001 -24"><span class='ocrx_word' id='word_1_14' title='bbox 109 619 451 705; x_wconf 80' lang='lat' dir='ltr'>Wolsey‚106,107.)</span> <span class='ocrx_word' id='word_1_15' title='bbox 496 619 599 704; x_wconf 83' lang='lat' dir='ltr'>Hugh</span> <span class='ocrx_word' id='word_1_16' title='bbox 614 619 785 697; x_wconf 90' lang='lat' dir='ltr'>Assheton,</span> <span class='ocrx_word' id='word_1_17' title='bbox 800 639 863 681; x_wconf 88' lang='lat' dir='ltr'>was</span> <span class='ocrx_word' id='word_1_18' title='bbox 885 617 944 681; x_wconf 88' lang='lat' dir='ltr'>the</span> <span class='ocrx_word' id='word_1_19' title='bbox 968 616 1054 680; x_wconf 87' lang='lat' dir='ltr'>sixth</span> <span class='ocrx_word' id='word_1_20' title='bbox 1078 638 1135 680; x_wconf 87' lang='grc'>991</span> <span class='ocrx_word' id='word_1_21' title='bbox 1150 618 1186 680; x_wconf 90' lang='lat' dir='ltr'>of</span> <span class='ocrx_word' id='word_1_22' title='bbox 1205 619 1256 681; x_wconf 84' lang='lat' dir='ltr'>Sir</span> 
     </span>
    </p>
   </div>
   <div class='ocr_carea' id='block_1_3' title="bbox 105 760 1257 1390">
    <p class='ocr_par' dir='ltr' id='par_1_3' title="bbox 105 760 1257 1390">
     <span class='ocr_line' id='line_1_4' title="bbox 106 760 1256 835; baseline -0.001 -19"><span class='ocrx_word' id='word_1_23' title='bbox 106 763 235 835; x_wconf 79' lang='lat' dir='ltr'>praedicta</span> <span class='ocrx_word' id='word_1_24' title='bbox 247 764 312 818; x_wconf 88' lang='lat' dir='ltr'>eccl.</span> <span class='ocrx_word' id='word_1_25' title='bbox 327 764 398 832; x_wconf 84' lang='grc'><strong>9911,</strong></span> <span class='ocrx_word' id='word_1_26' title='bbox 411 781 441 818; x_wconf 85' lang='grc'>99</span> <span class='ocrx_word' id='word_1_27' title='bbox 454 762 671 835; x_wconf 78' lang='lat' dir='ltr'>praebendarium</span> <span class='ocrx_word' id='word_1_28' title='bbox 683 761 834 834; x_wconf 87' lang='lat' dir='ltr'>praebendae</span> <span class='ocrx_word' id='word_1_29' title='bbox 852 763 886 815; x_wconf 92' lang='lat' dir='ltr'>de</span> <span class='ocrx_word' id='word_1_30' title='bbox 899 760 1085 832; x_wconf 82' lang='lat' dir='ltr'>Stenewigges</span> <span class='ocrx_word' id='word_1_31' title='bbox 1097 761 1126 814; x_wconf 91' lang='lat' dir='ltr'>in</span> <span class='ocrx_word' id='word_1_32' title='bbox 1145 762 1256 829; x_wconf 80' lang='lat' dir='ltr'>endem3</span> 
     </span>
     <span class='ocr_line' id='line_1_5' title="bbox 106 840 1257 914; baseline -0.002 -18"><span class='ocrx_word' id='word_1_33' title='bbox 106 843 253 897; x_wconf 80' lang='lat' dir='ltr'><strong>Ricardum</strong></span> <span class='ocrx_word' id='word_1_34' title='bbox 267 843 351 910; x_wconf 83' lang='lat' dir='ltr'>(look,</span> <span class='ocrx_word' id='word_1_35' title='bbox 364 842 495 899; x_wconf 88' lang='lat' dir='ltr'>vicarium</span> <span class='ocrx_word' id='word_1_36' title='bbox 507 850 667 914; x_wconf 90' lang='lat' dir='ltr'>perpetuum</span> <span class='ocrx_word' id='word_1_37' title='bbox 676 841 795 896; x_wconf 89' lang='lat' dir='ltr'>ecclesiae</span> <span class='ocrx_word' id='word_1_38' title='bbox 805 842 838 895; x_wconf 92' lang='lat' dir='ltr'>de</span> <span class='ocrx_word' id='word_1_39' title='bbox 848 841 931 910; x_wconf 91' lang='lat' dir='ltr'>Well,</span> <span class='ocrx_word' id='word_1_40' title='bbox 940 841 1022 895; x_wconf 88' lang='lat' dir='ltr'>dictae</span> <span class='ocrx_word' id='word_1_41' title='bbox 1032 841 1114 895; x_wconf 85' lang='lat' dir='ltr'>Ebor.</span> <span class='ocrx_word' id='word_1_42' title='bbox 1124 840 1257 910; x_wconf 88' lang='lat' dir='ltr'>dioecesis,</span> 
     </span>
     <span class='ocr_line' id='line_1_6' title="bbox 106 919 1257 993; baseline -0.002 -17"><span class='ocrx_word' id='word_1_43' title='bbox 106 929 135 976; x_wconf 90' lang='grc'>91</span> <span class='ocrx_word' id='word_1_44' title='bbox 147 922 166 976; x_wconf 91' lang='lat' dir='ltr'><strong>J</strong></span> <span class='ocrx_word' id='word_1_45' title='bbox 167 923 300 977; x_wconf 91' lang='lat' dir='ltr'>ohannem</span> <span class='ocrx_word' id='word_1_46' title='bbox 312 922 398 992; x_wconf 86' lang='lat' dir='ltr'>Wall,</span> <span class='ocrx_word' id='word_1_47' title='bbox 410 922 547 976; x_wconf 85' lang='lat' dir='ltr'>notarium</span> <span class='ocrx_word' id='word_1_48' title='bbox 558 921 706 993; x_wconf 90' lang='lat' dir='ltr'>publicum,</span> <span class='ocrx_word' id='word_1_49' title='bbox 718 919 884 992; x_wconf 89' lang='lat' dir='ltr'>conjunctim</span> <span class='ocrx_word' id='word_1_50' title='bbox 896 926 924 974; x_wconf 92' lang='lat' dir='ltr'>et</span> <span class='ocrx_word' id='word_1_51' title='bbox 940 919 1057 987; x_wconf 84' lang='lat' dir='ltr'>divisim,</span> <span class='ocrx_word' id='word_1_52' title='bbox 1070 927 1098 974; x_wconf 90' lang='grc'>91</span> <span class='ocrx_word' id='word_1_53' title='bbox 1109 919 1257 991; x_wconf 83' lang='lat' dir='ltr'>quemlibet</span> 
     </span>
     <span class='ocr_line' id='line_1_7' title="bbox 107 998 1256 1073; baseline -0.001 -19"><span class='ocrx_word' id='word_1_54' title='bbox 107 1018 200 1055; x_wconf 89' lang='lat' dir='ltr'>eorum</span> <span class='ocrx_word' id='word_1_55' title='bbox 211 1018 259 1073; x_wconf 94' lang='lat' dir='ltr'>pro</span> <span class='ocrx_word' id='word_1_56' title='bbox 273 1019 301 1055; x_wconf 91' lang='lat' dir='ltr'>se</span> <span class='ocrx_word' id='word_1_57' title='bbox 311 1009 339 1055; x_wconf 90' lang='lat' dir='ltr'>et</span> <span class='ocrx_word' id='word_1_58' title='bbox 351 1001 379 1054; x_wconf 93' lang='lat' dir='ltr'>in</span> <span class='ocrx_word' id='word_1_59' title='bbox 392 1002 516 1070; x_wconf 89' lang='lat' dir='ltr'>solidum,</span> <span class='ocrx_word' id='word_1_60' title='bbox 528 1001 568 1055; x_wconf 90' lang='lat' dir='ltr'>ita</span> <span class='ocrx_word' id='word_1_61' title='bbox 580 1001 653 1072; x_wconf 92' lang='lat' dir='ltr'>qnod</span> <span class='ocrx_word' id='word_1_62' title='bbox 670 1018 724 1054; x_wconf 92' lang='lat' dir='ltr'>non</span> <span class='ocrx_word' id='word_1_63' title='bbox 744 1001 780 1054; x_wconf 93' lang='lat' dir='ltr'>sit</span> <span class='ocrx_word' id='word_1_64' title='bbox 797 1000 892 1054; x_wconf 91' lang='lat' dir='ltr'>melior</span> <span class='ocrx_word' id='word_1_65' title='bbox 905 998 1025 1054; x_wconf 90' lang='lat' dir='ltr'>condicio</span> <span class='ocrx_word' id='word_1_66' title='bbox 1040 999 1195 1071; x_wconf 88' lang='lat' dir='ltr'>occupantis</span> <span class='ocrx_word' id='word_1_67' title='bbox 1206 1017 1256 1054; x_wconf 92' lang='lat' dir='ltr'>nec</span> 
     </span>
     <span class='ocr_line' id='line_1_8' title="bbox 106 1078 1256 1152; baseline 0 -19"><span class='ocrx_word' id='word_1_68' title='bbox 106 1081 224 1134; x_wconf 78' lang='lat' dir='ltr'>deterior</span> <span class='ocrx_word' id='word_1_69' title='bbox 244 1081 439 1152; x_wconf 66' lang='lat' dir='ltr'>subsequentia,</span> <span class='ocrx_word' id='word_1_70' title='bbox 463 1081 511 1135; x_wconf 91' lang='lat' dir='ltr'>sed</span> <span class='ocrx_word' id='word_1_71' title='bbox 530 1081 603 1151; x_wconf 88' lang='lat' dir='ltr'>quod</span> <span class='ocrx_word' id='word_1_72' title='bbox 622 1098 692 1134; x_wconf 91' lang='lat' dir='ltr'>unus</span> <span class='ocrx_word' id='word_1_73' title='bbox 713 1097 806 1133; x_wconf 93' lang='lat' dir='ltr'>eorum</span> <span class='ocrx_word' id='word_1_74' title='bbox 826 1079 965 1151; x_wconf 81' lang='lat' dir='ltr'>inceperit,</span> <span class='ocrx_word' id='word_1_75' title='bbox 986 1078 1014 1131; x_wconf 92' lang='lat' dir='ltr'>id</span> <span class='ocrx_word' id='word_1_76' title='bbox 1030 1096 1123 1133; x_wconf 90' lang='lat' dir='ltr'>eornm</span> <span class='ocrx_word' id='word_1_77' title='bbox 1142 1078 1256 1150; x_wconf 92' lang='lat' dir='ltr'>quilibet</span> 
     </span>
     <span class='ocr_line' id='line_1_9' title="bbox 106 1158 1257 1231; baseline 0.001 -18"><span class='ocrx_word' id='word_1_78' title='bbox 106 1160 180 1214; x_wconf 89' lang='lat' dir='ltr'>licite</span> <span class='ocrx_word' id='word_1_79' title='bbox 192 1160 281 1214; x_wconf 84' lang='lat' dir='ltr'>valeat</span> <span class='ocrx_word' id='word_1_80' title='bbox 293 1160 424 1231; x_wconf 85' lang='lat' dir='ltr'>prosequi,</span> <span class='ocrx_word' id='word_1_81' title='bbox 436 1160 562 1227; x_wconf 90' lang='lat' dir='ltr'>mediare,</span> <span class='ocrx_word' id='word_1_82' title='bbox 576 1159 721 1214; x_wconf 85' lang='lat' dir='ltr'>terminare</span> <span class='ocrx_word' id='word_1_83' title='bbox 741 1158 840 1230; x_wconf 87' lang='lat' dir='ltr'>pariter</span> <span class='ocrx_word' id='word_1_84' title='bbox 851 1165 880 1212; x_wconf 91' lang='lat' dir='ltr'>et</span> <span class='ocrx_word' id='word_1_85' title='bbox 891 1158 977 1226; x_wconf 87' lang='lat' dir='ltr'>finire,</span> <span class='ocrx_word' id='word_1_86' title='bbox 989 1158 1058 1212; x_wconf 89' lang='lat' dir='ltr'>citra</span> <span class='ocrx_word' id='word_1_87' title='bbox 1075 1166 1167 1212; x_wconf 89' lang='lat' dir='ltr'>tamen</span> <span class='ocrx_word' id='word_1_88' title='bbox 1179 1176 1257 1214; x_wconf 84' lang='lat' dir='ltr'>revo-</span> 
     </span>
     <span class='ocr_line' id='line_1_10' title="bbox 106 1237 1256 1311; baseline -0.001 -17"><span class='ocrx_word' id='word_1_89' title='bbox 106 1240 243 1294; x_wconf 88' lang='lat' dir='ltr'>cacionem</span> <span class='ocrx_word' id='word_1_90' title='bbox 256 1239 368 1293; x_wconf 86' lang='lat' dir='ltr'>aliorum</span> <span class='ocrx_word' id='word_1_91' title='bbox 380 1245 584 1311; x_wconf 91' lang='lat' dir='ltr'>procuratorum</span> <span class='ocrx_word' id='word_1_92' title='bbox 596 1257 643 1310; x_wconf 92' lang='lat' dir='ltr'>per</span> <span class='ocrx_word' id='word_1_93' title='bbox 654 1255 698 1292; x_wconf 90' lang='lat' dir='ltr'>me</span> <span class='ocrx_word' id='word_1_94' title='bbox 717 1239 847 1292; x_wconf 88' lang='lat' dir='ltr'>hactenus</span> <span class='ocrx_word' id='word_1_95' title='bbox 858 1237 1073 1307; x_wconf 85' lang='lat' dir='ltr'>constitutorum,</span> <span class='ocrx_word' id='word_1_96' title='bbox 1085 1255 1256 1308; x_wconf 80' lang='grc'><strong>1199919199,</strong></span> 
     </span>
     <span class='ocr_line' id='line_1_11' title="bbox 105 1317 1256 1390; baseline 0 -18"><span class='ocrx_word' id='word_1_97' title='bbox 105 1318 250 1389; x_wconf 82' lang='lat' dir='ltr'>legitimos,</span> <span class='ocrx_word' id='word_1_98' title='bbox 262 1325 290 1373; x_wconf 88' lang='lat' dir='ltr'>et</span> <span class='ocrx_word' id='word_1_99' title='bbox 301 1318 468 1372; x_wconf 87' lang='lat' dir='ltr'>indubitatos</span> <span class='ocrx_word' id='word_1_100' title='bbox 480 1326 671 1390; x_wconf 79' lang='lat' dir='ltr'>procuratores,</span> <span class='ocrx_word' id='word_1_101' title='bbox 683 1323 795 1384; x_wconf 91' lang='lat' dir='ltr'>actores,</span> <span class='ocrx_word' id='word_1_102' title='bbox 813 1317 936 1383; x_wconf 84' lang='lat' dir='ltr'>factores,</span> <span class='ocrx_word' id='word_1_103' title='bbox 948 1317 1109 1386; x_wconf 85' lang='lat' dir='ltr'>defensores,</span> <span class='ocrx_word' id='word_1_104' title='bbox 1121 1318 1256 1387; x_wconf 88' lang='lat' dir='ltr'>negocior-</span> 
     </span>
    </p>
   </div>
   <div class='ocr_carea' id='block_1_4' title="bbox 1358 334 1428 404">
    <p class='ocr_par' dir='ltr' id='par_1_4' title="bbox 1358 334 1428 404">
     <span class='ocr_line' id='line_1_12' title="bbox 1358 334 1428 404; baseline 0 0"><span class='ocrx_word' id='word_1_105' title='bbox 1358 334 1428 404; x_wconf 84' lang='lat'>221</span> 
     </span>
    </p>
   </div>
   <div class='ocr_carea' id='block_1_5' title="bbox 1280 529 1376 636">
    <p class='ocr_par' dir='ltr' id='par_1_5' title="bbox 1280 529 1376 636">
     <span class='ocr_line' id='line_1_13' title="bbox 1280 529 1376 588; baseline 0.01 -14"><span class='ocrx_word' id='word_1_106' title='bbox 1280 529 1376 588; x_wconf 75' lang='lat' dir='ltr'>ron-r,</span> 
     </span>
     <span class='ocr_line' id='line_1_14' title="bbox 1280 589 1368 636; baseline -0.011 -1"><span class='ocrx_word' id='word_1_107' title='bbox 1280 589 1293 635; x_wconf 77' lang='lat' dir='ltr'>-J</span> <span class='ocrx_word' id='word_1_108' title='bbox 1297 603 1335 636; x_wconf 87' lang='grc'><strong>911.</strong></span> <span class='ocrx_word' id='word_1_109' title='bbox 1346 591 1368 635; x_wconf 81' lang='lat'>2.</span> 
     </span>
    </p>
   </div>
   <div class='ocr_carea' id='block_1_6' title="bbox 107 1396 1336 1470">
    <p class='ocr_par' dir='ltr' id='par_1_6' title="bbox 107 1396 1336 1470">
     <span class='ocr_line' id='line_1_15' title="bbox 107 1396 1336 1470; baseline -0.001 -18"><span class='ocrx_word' id='word_1_110' title='bbox 107 1416 204 1470; x_wconf 91' lang='lat' dir='ltr'>umque</span> <span class='ocrx_word' id='word_1_111' title='bbox 217 1415 336 1452; x_wconf 90' lang='lat' dir='ltr'>meorum</span> <span class='ocrx_word' id='word_1_112' title='bbox 348 1403 477 1468; x_wconf 80' lang='lat' dir='ltr'>gestures,</span> <span class='ocrx_word' id='word_1_113' title='bbox 489 1405 516 1450; x_wconf 91' lang='lat' dir='ltr'>et</span> <span class='ocrx_word' id='word_1_114' title='bbox 528 1397 639 1451; x_wconf 91' lang='lat' dir='ltr'>nuncios</span> <span class='ocrx_word' id='word_1_115' title='bbox 646 1397 773 1468; x_wconf 89' lang='lat' dir='ltr'>speciales</span> <span class='ocrx_word' id='word_1_116' title='bbox 781 1404 809 1450; x_wconf 91' lang='grc'>91</span> <span class='ocrx_word' id='word_1_117' title='bbox 818 1396 963 1466; x_wconf 76' lang='lat' dir='ltr'>generales,</span> <span class='ocrx_word' id='word_1_118' title='bbox 972 1396 1011 1450; x_wconf 83' lang='lat' dir='ltr'>its</span> <span class='ocrx_word' id='word_1_119' title='bbox 1023 1397 1094 1468; x_wconf 85' lang='lat' dir='ltr'>quod</span> <span class='ocrx_word' id='word_1_120' title='bbox 1103 1398 1257 1469; x_wconf 85' lang='lat' dir='ltr'>specialitas</span> <span class='ocrx_word' id='word_1_121' title='bbox 1330 1435 1336 1444; x_wconf 83' lang='lat'><strong>·</strong></span> 
     </span>
    </p>
   </div>
   <div class='ocr_carea' id='block_1_7' title="bbox 95 1474 1262 4554">
    <p class='ocr_par' dir='ltr' id='par_1_7' title="bbox 95 1474 1262 4554">
     <span class='ocr_line' id='line_1_16' title="bbox 106 1474 1257 1548; baseline 0.001 -18"><span class='ocrx_word' id='word_1_122' title='bbox 106 1477 279 1547; x_wconf 87' lang='lat' dir='ltr'>generalitati</span> <span class='ocrx_word' id='word_1_123' title='bbox 291 1495 344 1530; x_wconf 90' lang='lat' dir='ltr'>non</span> <span class='ocrx_word' id='word_1_124' title='bbox 356 1478 467 1546; x_wconf 83' lang='lat' dir='ltr'>deroget</span> <span class='ocrx_word' id='word_1_125' title='bbox 485 1493 534 1530; x_wconf 91' lang='lat' dir='ltr'>nec</span> <span class='ocrx_word' id='word_1_126' title='bbox 552 1493 567 1530; x_wconf 93' lang='lat' dir='ltr'>e</span> <span class='ocrx_word' id='word_1_127' title='bbox 585 1483 690 1544; x_wconf 89' lang='lat' dir='ltr'>contra,</span> <span class='ocrx_word' id='word_1_128' title='bbox 707 1476 818 1542; x_wconf 89' lang='lat' dir='ltr'>Ordino,</span> <span class='ocrx_word' id='word_1_129' title='bbox 829 1492 898 1542; x_wconf 93' lang='lat' dir='ltr'>creo,</span> <span class='ocrx_word' id='word_1_130' title='bbox 915 1474 996 1543; x_wconf 87' lang='lat' dir='ltr'>facio,</span> <span class='ocrx_word' id='word_1_131' title='bbox 1013 1481 1042 1530; x_wconf 86' lang='lat' dir='ltr'>et</span> <span class='ocrx_word' id='word_1_132' title='bbox 1059 1476 1192 1531; x_wconf 88' lang='lat' dir='ltr'>constituo</span> <span class='ocrx_word' id='word_1_133' title='bbox 1210 1495 1257 1548; x_wconf 91' lang='lat' dir='ltr'>per</span> 
     </span>
     <span class='ocr_line' id='line_1_17' title="bbox 107 1554 1257 1627; baseline -0.002 -16"><span class='ocrx_word' id='word_1_134' title='bbox 107 1563 259 1627; x_wconf 80' lang='lat' dir='ltr'>praesentes,</span> <span class='ocrx_word' id='word_1_135' title='bbox 283 1557 352 1610; x_wconf 89' lang='lat' dir='ltr'>dans</span> <span class='ocrx_word' id='word_1_136' title='bbox 376 1562 404 1610; x_wconf 91' lang='lat' dir='ltr'>et</span> <span class='ocrx_word' id='word_1_137' title='bbox 428 1556 576 1610; x_wconf 81' lang='lat' dir='ltr'>concedens</span> <span class='ocrx_word' id='word_1_138' title='bbox 599 1555 681 1609; x_wconf 89' lang='lat' dir='ltr'>dictis</span> <span class='ocrx_word' id='word_1_139' title='bbox 705 1554 921 1626; x_wconf 84' lang='lat' dir='ltr'>procuratoribus</span> <span class='ocrx_word' id='word_1_140' title='bbox 944 1554 1011 1608; x_wconf 91' lang='lat' dir='ltr'>meis</span> <span class='ocrx_word' id='word_1_141' title='bbox 1038 1554 1205 1627; x_wconf 88' lang='lat' dir='ltr'>conjunctim</span> <span class='ocrx_word' id='word_1_142' title='bbox 1229 1565 1257 1610; x_wconf 91' lang='lat' dir='ltr'>et</span> 
     </span>
     <span class='ocr_line' id='line_1_18' title="bbox 107 1632 1257 1707; baseline 0.002 -19"><span class='ocrx_word' id='word_1_143' title='bbox 107 1635 214 1689; x_wconf 84' lang='lat' dir='ltr'>divisim</span> <span class='ocrx_word' id='word_1_144' title='bbox 234 1641 266 1688; x_wconf 91' lang='lat' dir='ltr'>ut</span> <span class='ocrx_word' id='word_1_145' title='bbox 289 1635 465 1707; x_wconf 88' lang='lat' dir='ltr'>praemittitur</span> <span class='ocrx_word' id='word_1_146' title='bbox 489 1641 651 1706; x_wconf 86' lang='lat' dir='ltr'>potestatem</span> <span class='ocrx_word' id='word_1_147' title='bbox 675 1632 826 1704; x_wconf 80' lang='lat' dir='ltr'>generalem</span> <span class='ocrx_word' id='word_1_148' title='bbox 843 1649 875 1686; x_wconf 90' lang='grc'>99</span> <span class='ocrx_word' id='word_1_149' title='bbox 899 1633 1060 1686; x_wconf 86' lang='lat' dir='ltr'>mandatum</span> <span class='ocrx_word' id='word_1_150' title='bbox 1083 1635 1205 1705; x_wconf 87' lang='lat' dir='ltr'>generale</span> <span class='ocrx_word' id='word_1_151' title='bbox 1228 1644 1257 1690; x_wconf 92' lang='lat' dir='ltr'>et</span> 
     </span>
     <span class='ocr_line' id='line_1_19' title="bbox 107 1711 1256 1786; baseline 0.001 -18"><span class='ocrx_word' id='word_1_152' title='bbox 107 1714 219 1786; x_wconf 89' lang='lat' dir='ltr'>speciale</span> <span class='ocrx_word' id='word_1_153' title='bbox 243 1732 291 1785; x_wconf 87' lang='lat' dir='ltr'>pro</span> <span class='ocrx_word' id='word_1_154' title='bbox 309 1733 353 1768; x_wconf 89' lang='lat' dir='ltr'>me</span> <span class='ocrx_word' id='word_1_155' title='bbox 377 1722 404 1769; x_wconf 92' lang='grc'>91</span> <span class='ocrx_word' id='word_1_156' title='bbox 428 1714 537 1767; x_wconf 90' lang='lat' dir='ltr'>nomine</span> <span class='ocrx_word' id='word_1_157' title='bbox 561 1731 620 1767; x_wconf 90' lang='grc'><strong>1199</strong></span> <span class='ocrx_word' id='word_1_158' title='bbox 644 1731 675 1768; x_wconf 83' lang='grc'>99</span> <span class='ocrx_word' id='word_1_159' title='bbox 700 1713 834 1767; x_wconf 85' lang='grc'><strong>(1191911111</strong></span> <span class='ocrx_word' id='word_1_160' title='bbox 857 1711 1029 1766; x_wconf 83' lang='lat' dir='ltr'>canonicatus</span> <span class='ocrx_word' id='word_1_161' title='bbox 1053 1721 1082 1766; x_wconf 93' lang='lat' dir='ltr'>et</span> <span class='ocrx_word' id='word_1_162' title='bbox 1104 1713 1256 1785; x_wconf 82' lang='lat' dir='ltr'>praebendae</span> 
     </span>
     <span class='ocr_line' id='line_1_20' title="bbox 108 1790 1257 1865; baseline 0.001 -18"><span class='ocrx_word' id='word_1_163' title='bbox 108 1812 227 1848; x_wconf 89' lang='lat' dir='ltr'>meorum</span> <span class='ocrx_word' id='word_1_164' title='bbox 240 1795 410 1865; x_wconf 89' lang='lat' dir='ltr'>comparendi</span> <span class='ocrx_word' id='word_1_165' title='bbox 423 1800 451 1848; x_wconf 90' lang='lat' dir='ltr'>et</span> <span class='ocrx_word' id='word_1_166' title='bbox 463 1795 570 1864; x_wconf 87' lang='lat' dir='ltr'>agendi,</span> <span class='ocrx_word' id='word_1_167' title='bbox 583 1810 678 1864; x_wconf 90' lang='lat' dir='ltr'>meque</span> <span class='ocrx_word' id='word_1_168' title='bbox 690 1799 718 1846; x_wconf 90' lang='lat' dir='ltr'>et</span> <span class='ocrx_word' id='word_1_169' title='bbox 730 1809 791 1845; x_wconf 89' lang='lat' dir='ltr'>mea</span> <span class='ocrx_word' id='word_1_170' title='bbox 805 1790 870 1863; x_wconf 89' lang='lat' dir='ltr'>jura</span> <span class='ocrx_word' id='word_1_171' title='bbox 881 1790 910 1844; x_wconf 91' lang='lat' dir='ltr'>in</span> <span class='ocrx_word' id='word_1_172' title='bbox 921 1791 1046 1845; x_wconf 90' lang='lat' dir='ltr'>omnibus</span> <span class='ocrx_word' id='word_1_173' title='bbox 1057 1798 1085 1846; x_wconf 91' lang='grc'>91</span> <span class='ocrx_word' id='word_1_174' title='bbox 1102 1809 1149 1863; x_wconf 95' lang='lat' dir='ltr'>per</span> <span class='ocrx_word' id='word_1_175' title='bbox 1168 1793 1257 1848; x_wconf 89' lang='lat' dir='ltr'>omnia</span> 
     </span>
     <span class='ocr_line' id='line_1_21' title="bbox 107 1870 1256 1942; baseline 0.001 -16"><span class='ocrx_word' id='word_1_176' title='bbox 107 1873 202 1927; x_wconf 81' lang='lat' dir='ltr'>tuendi</span> <span class='ocrx_word' id='word_1_177' title='bbox 223 1880 251 1926; x_wconf 92' lang='lat' dir='ltr'>et</span> <span class='ocrx_word' id='word_1_178' title='bbox 263 1874 425 1927; x_wconf 85' lang='lat' dir='ltr'>defendendi</span> <span class='ocrx_word' id='word_1_179' title='bbox 439 1894 445 1940; x_wconf 90' lang='lat'>;</span> <span class='ocrx_word' id='word_1_180' title='bbox 462 1873 585 1927; x_wconf 90' lang='lat' dir='ltr'>libellum</span> <span class='ocrx_word' id='word_1_181' title='bbox 603 1891 650 1926; x_wconf 88' lang='lat' dir='ltr'>seu</span> <span class='ocrx_word' id='word_1_182' title='bbox 667 1871 772 1925; x_wconf 87' lang='lat' dir='ltr'>libellos</span> <span class='ocrx_word' id='word_1_183' title='bbox 788 1870 870 1924; x_wconf 87' lang='lat' dir='ltr'>dandi</span> <span class='ocrx_word' id='word_1_184' title='bbox 888 1876 916 1924; x_wconf 92' lang='lat' dir='ltr'>et</span> <span class='ocrx_word' id='word_1_185' title='bbox 933 1870 1094 1942; x_wconf 88' lang='lat' dir='ltr'>reeipiendi;</span> <span class='ocrx_word' id='word_1_186' title='bbox 1112 1871 1188 1925; x_wconf 90' lang='lat' dir='ltr'>litem</span> <span class='ocrx_word' id='word_1_187' title='bbox 1208 1890 1256 1927; x_wconf 90' lang='lat' dir='ltr'>seu</span> 
     </span>
     <span class='ocr_line' id='line_1_22' title="bbox 107 1948 1257 2024; baseline 0.001 -19"><span class='ocrx_word' id='word_1_188' title='bbox 107 1953 168 2006; x_wconf 89' lang='lat' dir='ltr'>lites</span> <span class='ocrx_word' id='word_1_189' title='bbox 180 1953 347 2006; x_wconf 87' lang='lat' dir='ltr'>contestandi</span> <span class='ocrx_word' id='word_1_190' title='bbox 359 1953 392 2006; x_wconf 92' lang='lat' dir='ltr'>de</span> <span class='ocrx_word' id='word_1_191' title='bbox 405 1952 559 2024; x_wconf 89' lang='lat' dir='ltr'>calumpnia</span> <span class='ocrx_word' id='word_1_192' title='bbox 577 1952 688 2005; x_wconf 86' lang='lat' dir='ltr'>vitanda</span> <span class='ocrx_word' id='word_1_193' title='bbox 706 1958 733 2004; x_wconf 89' lang='lat' dir='ltr'>et</span> <span class='ocrx_word' id='word_1_194' title='bbox 751 1949 865 2004; x_wconf 84' lang='lat' dir='ltr'>veritate</span> <span class='ocrx_word' id='word_1_195' title='bbox 882 1948 1003 2018; x_wconf 86' lang='lat' dir='ltr'>dicenda,</span> <span class='ocrx_word' id='word_1_196' title='bbox 1020 1949 1257 2023; x_wconf 85' lang='lat' dir='ltr'>juramentumque</span> 
     </span>
     <span class='ocr_line' id='line_1_23' title="bbox 108 2028 1258 2102; baseline 0.001 -18"><span class='ocrx_word' id='word_1_197' title='bbox 108 2032 283 2102; x_wconf 88' lang='lat' dir='ltr'>quodcunque</span> <span class='ocrx_word' id='word_1_198' title='bbox 301 2031 406 2085; x_wconf 90' lang='lat' dir='ltr'>licitum</span> <span class='ocrx_word' id='word_1_199' title='bbox 424 2037 453 2086; x_wconf 88' lang='lat' dir='ltr'>et</span> <span class='ocrx_word' id='word_1_200' title='bbox 470 2032 613 2085; x_wconf 83' lang='grc'><strong>1191991111</strong></span> <span class='ocrx_word' id='word_1_201' title='bbox 631 2030 660 2082; x_wconf 92' lang='lat' dir='ltr'>in</span> <span class='ocrx_word' id='word_1_202' title='bbox 678 2028 796 2083; x_wconf 88' lang='lat' dir='ltr'>enimam</span> <span class='ocrx_word' id='word_1_203' title='bbox 813 2046 899 2083; x_wconf 91' lang='lat' dir='ltr'>meam</span> <span class='ocrx_word' id='word_1_204' title='bbox 918 2028 1073 2099; x_wconf 89' lang='lat' dir='ltr'>praestandi,</span> <span class='ocrx_word' id='word_1_205' title='bbox 1091 2031 1216 2100; x_wconf 91' lang='lat' dir='ltr'>ponendi,</span> <span class='ocrx_word' id='word_1_206' title='bbox 1229 2039 1258 2085; x_wconf 90' lang='lat' dir='ltr'>et</span> 
     </span>
     <span class='ocr_line' id='line_1_24' title="bbox 109 2108 1258 2183; baseline 0.001 -19"><span class='ocrx_word' id='word_1_207' title='bbox 109 2110 292 2178; x_wconf 80' lang='lat' dir='ltr'>articulandi3</span> <span class='ocrx_word' id='word_1_208' title='bbox 322 2110 549 2183; x_wconf 88' lang='lat' dir='ltr'>proposicionibus</span> <span class='ocrx_word' id='word_1_209' title='bbox 578 2117 607 2163; x_wconf 92' lang='lat' dir='ltr'>et</span> <span class='ocrx_word' id='word_1_210' title='bbox 636 2108 757 2164; x_wconf 86' lang='lat' dir='ltr'>articulis</span> <span class='ocrx_word' id='word_1_211' title='bbox 786 2108 873 2177; x_wconf 89' lang='lat' dir='ltr'>partis</span> <span class='ocrx_word' id='word_1_212' title='bbox 897 2109 1016 2162; x_wconf 82' lang='lat' dir='ltr'>adversoe</span> <span class='ocrx_word' id='word_1_213' title='bbox 1049 2109 1207 2164; x_wconf 84' lang='lat' dir='ltr'>ostendendi</span> <span class='ocrx_word' id='word_1_214' title='bbox 1230 2117 1258 2165; x_wconf 88' lang='lat' dir='ltr'>et</span> 
     </span>
     <span class='ocr_line' id='line_1_25' title="bbox 109 2187 1258 2262; baseline 0 -19"><span class='ocrx_word' id='word_1_215' title='bbox 109 2189 276 2261; x_wconf 83' lang='lat' dir='ltr'>excipiendi3</span> <span class='ocrx_word' id='word_1_216' title='bbox 303 2196 394 2258; x_wconf 88' lang='lat' dir='ltr'>testes,</span> <span class='ocrx_word' id='word_1_217' title='bbox 417 2191 517 2257; x_wconf 87' lang='grc'><strong>1119199,</strong></span> <span class='ocrx_word' id='word_1_218' title='bbox 541 2198 570 2243; x_wconf 89' lang='grc'>91</span> <span class='ocrx_word' id='word_1_219' title='bbox 590 2189 782 2254; x_wconf 88' lang='lat' dir='ltr'>instrumenta,</span> <span class='ocrx_word' id='word_1_220' title='bbox 807 2204 838 2241; x_wconf 88' lang='lat' dir='ltr'>ac</span> <span class='ocrx_word' id='word_1_221' title='bbox 858 2204 1033 2258; x_wconf 81' lang='lat' dir='ltr'>quaecumque</span> <span class='ocrx_word' id='word_1_222' title='bbox 1057 2187 1172 2243; x_wconf 85' lang='lat' dir='ltr'>aliorum</span> <span class='ocrx_word' id='word_1_223' title='bbox 1195 2207 1258 2262; x_wconf 92' lang='lat' dir='ltr'>pro-</span> 
     </span>
     <span class='ocr_line' id='line_1_26' title="bbox 108 2266 1258 2341; baseline 0.002 -19"><span class='ocrx_word' id='word_1_224' title='bbox 108 2269 250 2322; x_wconf 86' lang='lat' dir='ltr'>bacionum</span> <span class='ocrx_word' id='word_1_225' title='bbox 274 2287 372 2339; x_wconf 90' lang='lat' dir='ltr'>genera</span> <span class='ocrx_word' id='word_1_226' title='bbox 395 2268 559 2341; x_wconf 90' lang='lat' dir='ltr'>producendi</span> <span class='ocrx_word' id='word_1_227' title='bbox 582 2273 611 2322; x_wconf 89' lang='lat' dir='ltr'>et</span> <span class='ocrx_word' id='word_1_228' title='bbox 631 2266 785 2334; x_wconf 88' lang='lat' dir='ltr'>exhibendi,</span> <span class='ocrx_word' id='word_1_229' title='bbox 808 2267 996 2338; x_wconf 88' lang='lat' dir='ltr'>productisque</span> <span class='ocrx_word' id='word_1_230' title='bbox 1019 2273 1047 2322; x_wconf 85' lang='lat' dir='ltr'>et</span> <span class='ocrx_word' id='word_1_231' title='bbox 1066 2267 1193 2322; x_wconf 86' lang='lat' dir='ltr'>exhibitis</span> <span class='ocrx_word' id='word_1_232' title='bbox 1211 2287 1258 2339; x_wconf 94' lang='lat' dir='ltr'>per</span> 
     </span>
     <span class='ocr_line' id='line_1_27' title="bbox 109 2346 1258 2419; baseline 0.003 -18"><span class='ocrx_word' id='word_1_233' title='bbox 109 2365 304 2419; x_wconf 90' lang='lat' dir='ltr'>quamcumque</span> <span class='ocrx_word' id='word_1_234' title='bbox 315 2355 420 2419; x_wconf 88' lang='lat' dir='ltr'>partem</span> <span class='ocrx_word' id='word_1_235' title='bbox 432 2349 572 2402; x_wconf 88' lang='lat' dir='ltr'>adversam</span> <span class='ocrx_word' id='word_1_236' title='bbox 589 2346 790 2402; x_wconf 88' lang='lat' dir='ltr'>contradicendi</span> <span class='ocrx_word' id='word_1_237' title='bbox 802 2352 831 2400; x_wconf 88' lang='lat' dir='ltr'>et</span> <span class='ocrx_word' id='word_1_238' title='bbox 843 2363 875 2400; x_wconf 89' lang='grc'>99</span> <span class='ocrx_word' id='word_1_239' title='bbox 892 2347 1071 2418; x_wconf 88' lang='lat' dir='ltr'>redarguendi</span> <span class='ocrx_word' id='word_1_240' title='bbox 1081 2368 1088 2414; x_wconf 90' lang='lat'>;</span> <span class='ocrx_word' id='word_1_241' title='bbox 1106 2347 1218 2402; x_wconf 85' lang='lat' dir='ltr'>crimina</span> <span class='ocrx_word' id='word_1_242' title='bbox 1229 2356 1258 2404; x_wconf 95' lang='lat' dir='ltr'>et</span> 
     </span>
     <span class='ocr_line' id='line_1_28' title="bbox 110 2426 1258 2499; baseline 0.002 -17"><span class='ocrx_word' id='word_1_243' title='bbox 110 2427 231 2482; x_wconf 85' lang='lat' dir='ltr'>defectus</span> <span class='ocrx_word' id='word_1_244' title='bbox 251 2426 392 2497; x_wconf 88' lang='lat' dir='ltr'>obiciendi,</span> <span class='ocrx_word' id='word_1_245' title='bbox 412 2434 440 2481; x_wconf 91' lang='grc'>91</span> <span class='ocrx_word' id='word_1_246' title='bbox 461 2426 574 2499; x_wconf 86' lang='lat' dir='ltr'>objectis</span> <span class='ocrx_word' id='word_1_247' title='bbox 594 2426 780 2498; x_wconf 90' lang='lat' dir='ltr'>respondendi,</span> <span class='ocrx_word' id='word_1_248' title='bbox 799 2432 937 2498; x_wconf 85' lang='lat' dir='ltr'>statusque</span> <span class='ocrx_word' id='word_1_249' title='bbox 955 2426 1009 2480; x_wconf 89' lang='lat' dir='ltr'>mei</span> <span class='ocrx_word' id='word_1_250' title='bbox 1027 2426 1258 2497; x_wconf 76' lang='lat' dir='ltr'>reformationem,</span> 
     </span>
     <span class='ocr_line' id='line_1_29' title="bbox 109 2505 1258 2580; baseline 0.004 -21"><span class='ocrx_word' id='word_1_251' title='bbox 109 2523 213 2560; x_wconf 88' lang='lat' dir='ltr'>necnon</span> <span class='ocrx_word' id='word_1_252' title='bbox 230 2505 258 2559; x_wconf 91' lang='lat' dir='ltr'>in</span> <span class='ocrx_word' id='word_1_253' title='bbox 275 2506 411 2577; x_wconf 83' lang='lat' dir='ltr'>integrum</span> <span class='ocrx_word' id='word_1_254' title='bbox 428 2505 630 2560; x_wconf 80' lang='lat' dir='ltr'>restitutionem</span> <span class='ocrx_word' id='word_1_255' title='bbox 648 2507 832 2577; x_wconf 89' lang='lat' dir='ltr'>dampnorum,</span> <span class='ocrx_word' id='word_1_256' title='bbox 851 2505 1059 2562; x_wconf 77' lang='lat' dir='ltr'>aestimationem</span> <span class='ocrx_word' id='word_1_257' title='bbox 1080 2524 1258 2580; x_wconf 86' lang='lat' dir='ltr'>expensarum</span> 
     </span>
     <span class='ocr_line' id='line_1_30' title="bbox 109 2584 1258 2660; baseline 0.004 -21"><span class='ocrx_word' id='word_1_258' title='bbox 109 2594 137 2639; x_wconf 90' lang='lat' dir='ltr'>et</span> <span class='ocrx_word' id='word_1_259' title='bbox 148 2585 281 2653; x_wconf 86' lang='lat' dir='ltr'>interesse,</span> <span class='ocrx_word' id='word_1_260' title='bbox 295 2590 323 2638; x_wconf 90' lang='grc'>91</span> <span class='ocrx_word' id='word_1_261' title='bbox 335 2586 369 2639; x_wconf 88' lang='lat' dir='ltr'>ad</span> <span class='ocrx_word' id='word_1_262' title='bbox 387 2585 547 2640; x_wconf 91' lang='lat' dir='ltr'>beneficium</span> <span class='ocrx_word' id='word_1_263' title='bbox 565 2584 743 2639; x_wconf 89' lang='lat' dir='ltr'>absolucionis</span> <span class='ocrx_word' id='word_1_264' title='bbox 761 2602 808 2639; x_wconf 87' lang='lat' dir='ltr'>seu</span> <span class='ocrx_word' id='word_1_265' title='bbox 825 2585 1028 2640; x_wconf 88' lang='lat' dir='ltr'>relaxacionisa</span> <span class='ocrx_word' id='word_1_266' title='bbox 1047 2585 1258 2660; x_wconf 88' lang='lat' dir='ltr'>quibuscumque</span> 
     </span>
     <span class='ocr_line' id='line_1_31' title="bbox 109 2663 1259 2735; baseline 0.003 -17"><span class='ocrx_word' id='word_1_267' title='bbox 109 2663 323 2735; x_wconf 89' lang='lat' dir='ltr'>suspencionum,</span> <span class='ocrx_word' id='word_1_268' title='bbox 351 2663 668 2731; x_wconf 77' lang='lat' dir='ltr'>excommunicationum,</span> <span class='ocrx_word' id='word_1_269' title='bbox 691 2663 936 2735; x_wconf 89' lang='lat' dir='ltr'>sequestracionum</span> <span class='ocrx_word' id='word_1_270' title='bbox 961 2682 1008 2719; x_wconf 89' lang='lat' dir='ltr'>seu</span> <span class='ocrx_word' id='word_1_271' title='bbox 1037 2665 1175 2720; x_wconf 87' lang='lat' dir='ltr'>interdicti</span> <span class='ocrx_word' id='word_1_272' title='bbox 1198 2685 1259 2722; x_wconf 93' lang='lat' dir='ltr'>sen-</span> 
     </span>
     <span class='ocr_line' id='line_1_32' title="bbox 108 2742 1258 2816; baseline 0.004 -20"><span class='ocrx_word' id='word_1_273' title='bbox 108 2742 203 2797; x_wconf 89' lang='lat' dir='ltr'>tenciis</span> <span class='ocrx_word' id='word_1_274' title='bbox 215 2744 244 2797; x_wconf 92' lang='lat' dir='ltr'>in</span> <span class='ocrx_word' id='word_1_275' title='bbox 256 2761 299 2796; x_wconf 93' lang='lat' dir='ltr'>me</span> <span class='ocrx_word' id='word_1_276' title='bbox 310 2761 358 2798; x_wconf 88' lang='lat' dir='ltr'>seu</span> <span class='ocrx_word' id='word_1_277' title='bbox 369 2744 556 2798; x_wconf 89' lang='lat' dir='ltr'>canonicatum</span> <span class='ocrx_word' id='word_1_278' title='bbox 569 2750 597 2798; x_wconf 90' lang='lat' dir='ltr'>et</span> <span class='ocrx_word' id='word_1_279' title='bbox 607 2743 782 2815; x_wconf 85' lang='lat' dir='ltr'>praebendam</span> <span class='ocrx_word' id='word_1_280' title='bbox 800 2761 873 2797; x_wconf 90' lang='lat' dir='ltr'>meos</span> <span class='ocrx_word' id='word_1_281' title='bbox 890 2743 1034 2814; x_wconf 88' lang='lat' dir='ltr'>praedictos</span> <span class='ocrx_word' id='word_1_282' title='bbox 1051 2762 1068 2799; x_wconf 87' lang='lat' dir='ltr'>a</span> <span class='ocrx_word' id='word_1_283' title='bbox 1083 2745 1145 2816; x_wconf 89' lang='lat' dir='ltr'>jure</span> <span class='ocrx_word' id='word_1_284' title='bbox 1161 2747 1207 2801; x_wconf 86' lang='grc'>191</span> <span class='ocrx_word' id='word_1_285' title='bbox 1224 2747 1258 2801; x_wconf 89' lang='lat' dir='ltr'>ab</span> 
     </span>
     <span class='ocr_line' id='line_1_33' title="bbox 109 2821 1258 2896; baseline 0.004 -21"><span class='ocrx_word' id='word_1_286' title='bbox 109 2822 217 2876; x_wconf 87' lang='lat' dir='ltr'>homine</span> <span class='ocrx_word' id='word_1_287' title='bbox 235 2823 299 2877; x_wconf 86' lang='lat' dir='ltr'>latis</span> <span class='ocrx_word' id='word_1_288' title='bbox 319 2823 364 2877; x_wconf 84' lang='lat' dir='ltr'>vel</span> <span class='ocrx_word' id='word_1_289' title='bbox 391 2823 508 2877; x_wconf 84' lang='lat' dir='ltr'>ferendis</span> <span class='ocrx_word' id='word_1_290' title='bbox 528 2822 636 2877; x_wconf 90' lang='lat' dir='ltr'>nomine</span> <span class='ocrx_word' id='word_1_291' title='bbox 654 2840 714 2876; x_wconf 90' lang='lat' dir='ltr'>meo</span> <span class='ocrx_word' id='word_1_292' title='bbox 734 2821 854 2894; x_wconf 90' lang='lat' dir='ltr'>petendi,</span> <span class='ocrx_word' id='word_1_293' title='bbox 877 2821 1032 2894; x_wconf 87' lang='lat' dir='ltr'>recipiendi,</span> <span class='ocrx_word' id='word_1_294' title='bbox 1055 2829 1083 2878; x_wconf 91' lang='lat' dir='ltr'>et</span> <span class='ocrx_word' id='word_1_295' title='bbox 1104 2825 1258 2896; x_wconf 85' lang='lat' dir='ltr'>optinendi;</span> 
     </span>
     <span class='ocr_line' id='line_1_34' title="bbox 110 2901 1259 2974; baseline 0.004 -20"><span class='ocrx_word' id='word_1_296' title='bbox 110 2901 272 2956; x_wconf 85' lang='lat' dir='ltr'>sentenciam</span> <span class='ocrx_word' id='word_1_297' title='bbox 285 2919 332 2956; x_wconf 89' lang='lat' dir='ltr'>seu</span> <span class='ocrx_word' id='word_1_298' title='bbox 344 2901 493 2958; x_wconf 85' lang='lat' dir='ltr'>sentencias</span> <span class='ocrx_word' id='word_1_299' title='bbox 504 2919 684 2973; x_wconf 90' lang='lat' dir='ltr'>quascumque</span> <span class='ocrx_word' id='word_1_300' title='bbox 697 2901 762 2955; x_wconf 87' lang='lat' dir='ltr'>ferri</span> <span class='ocrx_word' id='word_1_301' title='bbox 774 2901 891 2973; x_wconf 90' lang='lat' dir='ltr'>petendi,</span> <span class='ocrx_word' id='word_1_302' title='bbox 910 2901 1056 2973; x_wconf 89' lang='lat' dir='ltr'>optinendi,</span> <span class='ocrx_word' id='word_1_303' title='bbox 1076 2911 1104 2956; x_wconf 92' lang='lat' dir='ltr'>et</span> <span class='ocrx_word' id='word_1_304' title='bbox 1123 2905 1259 2974; x_wconf 84' lang='lat' dir='ltr'>audiendi,</span> 
     </span>
     <span class='ocr_line' id='line_1_35' title="bbox 110 2979 1258 3055; baseline 0.004 -22"><span class='ocrx_word' id='word_1_305' title='bbox 110 2981 280 3051; x_wconf 82' lang='lat' dir='ltr'>provocandi,</span> <span class='ocrx_word' id='word_1_306' title='bbox 293 2987 322 3034; x_wconf 90' lang='lat' dir='ltr'>et</span> <span class='ocrx_word' id='word_1_307' title='bbox 340 2982 500 3053; x_wconf 85' lang='lat' dir='ltr'>appellandi,</span> <span class='ocrx_word' id='word_1_308' title='bbox 513 2979 789 3052; x_wconf 83' lang='lat' dir='ltr'>provocacionumque</span> <span class='ocrx_word' id='word_1_309' title='bbox 809 2987 836 3033; x_wconf 90' lang='grc'>91</span> <span class='ocrx_word' id='word_1_310' title='bbox 857 2980 1069 3051; x_wconf 83' lang='lat' dir='ltr'>appellacionum</span> <span class='ocrx_word' id='word_1_311' title='bbox 1087 2999 1180 3037; x_wconf 88' lang='grc'><strong>9911999</strong></span> <span class='ocrx_word' id='word_1_312' title='bbox 1197 3001 1258 3055; x_wconf 92' lang='lat' dir='ltr'>pro-</span> 
     </span>
     <span class='ocr_line' id='line_1_36' title="bbox 110 3057 1258 3131; baseline 0.004 -19"><span class='ocrx_word' id='word_1_313' title='bbox 110 3060 238 3130; x_wconf 90' lang='lat' dir='ltr'>sequendi</span> <span class='ocrx_word' id='word_1_314' title='bbox 259 3060 416 3115; x_wconf 88' lang='lat' dir='ltr'>notificandi</span> <span class='ocrx_word' id='word_1_315' title='bbox 435 3067 463 3114; x_wconf 93' lang='lat' dir='ltr'>et</span> <span class='ocrx_word' id='word_1_316' title='bbox 483 3059 634 3126; x_wconf 87' lang='lat' dir='ltr'>intimandi,</span> <span class='ocrx_word' id='word_1_317' title='bbox 647 3067 776 3130; x_wconf 76' lang='lat' dir='ltr'>aprosque</span> <span class='ocrx_word' id='word_1_318' title='bbox 797 3057 888 3113; x_wconf 85' lang='lat' dir='ltr'>debite</span> <span class='ocrx_word' id='word_1_319' title='bbox 909 3076 970 3113; x_wconf 93' lang='lat' dir='ltr'>cum</span> <span class='ocrx_word' id='word_1_320' title='bbox 987 3058 1120 3114; x_wconf 84' lang='lat' dir='ltr'>instancia</span> <span class='ocrx_word' id='word_1_321' title='bbox 1140 3063 1258 3131; x_wconf 88' lang='lat' dir='ltr'>petendi,</span> 
     </span>
     <span class='ocr_line' id='line_1_37' title="bbox 111 3137 1259 3210; baseline 0.003 -19"><span class='ocrx_word' id='word_1_322' title='bbox 111 3138 257 3210; x_wconf 86' lang='lat' dir='ltr'>optinendi,</span> <span class='ocrx_word' id='word_1_323' title='bbox 270 3147 298 3193; x_wconf 88' lang='lat' dir='ltr'>et</span> <span class='ocrx_word' id='word_1_324' title='bbox 310 3140 467 3210; x_wconf 84' lang='lat' dir='ltr'>recipiendi;</span> <span class='ocrx_word' id='word_1_325' title='bbox 480 3140 513 3191; x_wconf 94' lang='lat' dir='ltr'>In</span> <span class='ocrx_word' id='word_1_326' title='bbox 523 3138 640 3210; x_wconf 82' lang='lat' dir='ltr'>synodis,</span> <span class='ocrx_word' id='word_1_327' title='bbox 647 3137 780 3210; x_wconf 85' lang='lat' dir='ltr'>capitulis,</span> <span class='ocrx_word' id='word_1_328' title='bbox 792 3137 1051 3208; x_wconf 75' lang='lat' dir='ltr'>congregationibus,</span> <span class='ocrx_word' id='word_1_329' title='bbox 1059 3141 1259 3195; x_wconf 82' lang='lat' dir='ltr'>conrooacioni-</span> 
     </span>
     <span class='ocr_line' id='line_1_38' title="bbox 110 3215 1259 3290; baseline 0.004 -21"><span class='ocrx_word' id='word_1_330' title='bbox 110 3216 169 3283; x_wconf 87' lang='lat' dir='ltr'>bus,</span> <span class='ocrx_word' id='word_1_331' title='bbox 180 3217 390 3286; x_wconf 85' lang='lat' dir='ltr'>visitacionibus,</span> <span class='ocrx_word' id='word_1_332' title='bbox 402 3224 459 3272; x_wconf 86' lang='lat' dir='ltr'>tam</span> <span class='ocrx_word' id='word_1_333' title='bbox 471 3215 675 3286; x_wconf 88' lang='lat' dir='ltr'>metropoliticia</span> <span class='ocrx_word' id='word_1_334' title='bbox 686 3234 768 3288; x_wconf 92' lang='lat' dir='ltr'>quam</span> <span class='ocrx_word' id='word_1_335' title='bbox 786 3215 934 3285; x_wconf 88' lang='lat' dir='ltr'>ordinariis,</span> <span class='ocrx_word' id='word_1_336' title='bbox 953 3216 1060 3271; x_wconf 91' lang='lat' dir='ltr'>nomine</span> <span class='ocrx_word' id='word_1_337' title='bbox 1080 3235 1149 3287; x_wconf 92' lang='lat' dir='ltr'>meo,</span> <span class='ocrx_word' id='word_1_338' title='bbox 1160 3218 1259 3290; x_wconf 89' lang='lat' dir='ltr'>quibus</span> 
     </span>
     <span class='ocr_line' id='line_1_39' title="bbox 110 3293 1259 3367; baseline 0.003 -18"><span class='ocrx_word' id='word_1_339' title='bbox 110 3297 217 3350; x_wconf 88' lang='lat' dir='ltr'>racione</span> <span class='ocrx_word' id='word_1_340' title='bbox 229 3297 363 3350; x_wconf 87' lang='lat' dir='ltr'>dictorum</span> <span class='ocrx_word' id='word_1_341' title='bbox 375 3297 548 3351; x_wconf 85' lang='lat' dir='ltr'>canonicatus</span> <span class='ocrx_word' id='word_1_342' title='bbox 560 3303 587 3349; x_wconf 89' lang='grc'>91</span> <span class='ocrx_word' id='word_1_343' title='bbox 605 3293 759 3367; x_wconf 84' lang='lat' dir='ltr'>praebendae</span> <span class='ocrx_word' id='word_1_344' title='bbox 778 3311 900 3348; x_wconf 88' lang='lat' dir='ltr'>meorum</span> <span class='ocrx_word' id='word_1_345' title='bbox 920 3311 1072 3366; x_wconf 89' lang='lat' dir='ltr'>comparere</span> <span class='ocrx_word' id='word_1_346' title='bbox 1090 3302 1173 3364; x_wconf 87' lang='lat' dir='ltr'>artor,</span> <span class='ocrx_word' id='word_1_347' title='bbox 1185 3315 1259 3353; x_wconf 89' lang='lat' dir='ltr'>com-</span> 
     </span>
     <span class='ocr_line' id='line_1_40' title="bbox 110 3371 1259 3446; baseline 0.005 -19"><span class='ocrx_word' id='word_1_348' title='bbox 110 3375 231 3444; x_wconf 89' lang='lat' dir='ltr'>parendi,</span> <span class='ocrx_word' id='word_1_349' title='bbox 243 3393 273 3428; x_wconf 85' lang='lat' dir='ltr'>ac</span> <span class='ocrx_word' id='word_1_350' title='bbox 286 3375 353 3429; x_wconf 90' lang='lat' dir='ltr'>inibi</span> <span class='ocrx_word' id='word_1_351' title='bbox 372 3374 510 3428; x_wconf 89' lang='lat' dir='ltr'>statuendi</span> <span class='ocrx_word' id='word_1_352' title='bbox 528 3379 557 3429; x_wconf 90' lang='lat' dir='ltr'>et</span> <span class='ocrx_word' id='word_1_353' title='bbox 574 3373 725 3442; x_wconf 90' lang='lat' dir='ltr'>ordinandi,</span> <span class='ocrx_word' id='word_1_354' title='bbox 737 3371 932 3442; x_wconf 88' lang='lat' dir='ltr'>consenciendi,</span> <span class='ocrx_word' id='word_1_355' title='bbox 943 3380 979 3444; x_wconf 87' lang='lat' dir='ltr'>et,</span> <span class='ocrx_word' id='word_1_356' title='bbox 991 3373 1014 3429; x_wconf 90' lang='lat' dir='ltr'>si</span> <span class='ocrx_word' id='word_1_357' title='bbox 1025 3392 1093 3446; x_wconf 88' lang='lat' dir='ltr'>opus</span> <span class='ocrx_word' id='word_1_358' title='bbox 1104 3376 1194 3446; x_wconf 86' lang='lat' dir='ltr'>fuerit,</span> <span class='ocrx_word' id='word_1_359' title='bbox 1205 3378 1259 3433; x_wconf 87' lang='lat' dir='ltr'>dis-</span> 
     </span>
     <span class='ocr_line' id='line_1_41' title="bbox 110 3452 1260 3528; baseline 0.006 -22"><span class='ocrx_word' id='word_1_360' title='bbox 110 3453 262 3523; x_wconf 83' lang='lat' dir='ltr'>censiendi3</span> <span class='ocrx_word' id='word_1_361' title='bbox 280 3454 557 3527; x_wconf 84' lang='lat' dir='ltr'>convocacionnmque</span> <span class='ocrx_word' id='word_1_362' title='bbox 573 3460 601 3509; x_wconf 91' lang='grc'>91</span> <span class='ocrx_word' id='word_1_363' title='bbox 616 3453 804 3509; x_wconf 85' lang='lat' dir='ltr'>visitacionum</span> <span class='ocrx_word' id='word_1_364' title='bbox 821 3452 977 3526; x_wconf 89' lang='lat' dir='ltr'>hujusmodi</span> <span class='ocrx_word' id='word_1_365' title='bbox 996 3453 1085 3511; x_wconf 82' lang='lat' dir='ltr'>debite</span> <span class='ocrx_word' id='word_1_366' title='bbox 1098 3458 1260 3528; x_wconf 87' lang='lat' dir='ltr'>agnoscendi</span> 
     </span>
     <span class='ocr_line' id='line_1_42' title="bbox 111 3531 1259 3609; baseline 0.007 -25"><span class='ocrx_word' id='word_1_367' title='bbox 111 3538 139 3584; x_wconf 88' lang='lat' dir='ltr'>et</span> <span class='ocrx_word' id='word_1_368' title='bbox 158 3531 299 3602; x_wconf 90' lang='lat' dir='ltr'>subeundi,</span> <span class='ocrx_word' id='word_1_369' title='bbox 322 3550 353 3586; x_wconf 90' lang='lat' dir='ltr'>ac</span> <span class='ocrx_word' id='word_1_370' title='bbox 377 3551 467 3588; x_wconf 91' lang='lat' dir='ltr'>meum</span> <span class='ocrx_word' id='word_1_371' title='bbox 491 3535 677 3606; x_wconf 90' lang='lat' dir='ltr'>quodcumque</span> <span class='ocrx_word' id='word_1_372' title='bbox 700 3532 823 3588; x_wconf 88' lang='lat' dir='ltr'>debitum</span> <span class='ocrx_word' id='word_1_373' title='bbox 848 3533 877 3586; x_wconf 90' lang='lat' dir='ltr'>in</span> <span class='ocrx_word' id='word_1_374' title='bbox 897 3532 1042 3607; x_wconf 89' lang='lat' dir='ltr'>praemissis</span> <span class='ocrx_word' id='word_1_375' title='bbox 1064 3536 1259 3609; x_wconf 83' lang='lat' dir='ltr'>perimplendi3</span> 
     </span>
     <span class='ocr_line' id='line_1_43' title="bbox 111 3604 1259 3683; baseline 0.008 -21"><span class='ocrx_word' id='word_1_376' title='bbox 111 3604 206 3681; x_wconf 86' lang='lat' dir='ltr'>ineque</span> <span class='ocrx_word' id='word_1_377' title='bbox 222 3629 239 3666; x_wconf 89' lang='grc'>9</span> <span class='ocrx_word' id='word_1_378' title='bbox 259 3613 393 3683; x_wconf 88' lang='lat' dir='ltr'>personah</span> <span class='ocrx_word' id='word_1_379' title='bbox 412 3611 604 3683; x_wconf 86' lang='lat' dir='ltr'>comparicione</span> <span class='ocrx_word' id='word_1_380' title='bbox 623 3610 651 3665; x_wconf 90' lang='lat' dir='ltr'>in</span> <span class='ocrx_word' id='word_1_381' title='bbox 671 3611 771 3666; x_wconf 84' lang='lat' dir='ltr'>eisdem</span> <span class='ocrx_word' id='word_1_382' title='bbox 792 3613 946 3676; x_wconf 85' lang='lat' dir='ltr'>excusandi,</span> <span class='ocrx_word' id='word_1_383' title='bbox 960 3631 991 3669; x_wconf 89' lang='grc'>99</span> <span class='ocrx_word' id='word_1_384' title='bbox 1009 3631 1105 3671; x_wconf 80' lang='lat' dir='ltr'>causas</span> <span class='ocrx_word' id='word_1_385' title='bbox 1128 3615 1259 3671; x_wconf 81' lang='grc'><strong>1119919199</strong></span> 
     </span>
     <span class='ocr_line' id='line_1_44' title="bbox 110 3689 1261 3763; baseline 0.005 -20"><span class='ocrx_word' id='word_1_386' title='bbox 110 3691 287 3762; x_wconf 90' lang='lat' dir='ltr'>proponendi,</span> <span class='ocrx_word' id='word_1_387' title='bbox 299 3691 443 3762; x_wconf 87' lang='lat' dir='ltr'>allegandi,</span> <span class='ocrx_word' id='word_1_388' title='bbox 455 3698 483 3745; x_wconf 93' lang='grc'>91</span> <span class='ocrx_word' id='word_1_389' title='bbox 501 3691 523 3745; x_wconf 85' lang='grc'>91</span> <span class='ocrx_word' id='word_1_390' title='bbox 542 3707 646 3744; x_wconf 89' lang='grc'><strong>1999999</strong></span> <span class='ocrx_word' id='word_1_391' title='bbox 664 3689 912 3763; x_wconf 72' lang='lat' dir='ltr'>fneritproband13</span> <span class='ocrx_word' id='word_1_392' title='bbox 931 3711 1035 3748; x_wconf 90' lang='lat' dir='ltr'>necnon</span> <span class='ocrx_word' id='word_1_393' title='bbox 1052 3694 1143 3749; x_wconf 88' lang='lat' dir='ltr'>omnia</span> <span class='ocrx_word' id='word_1_394' title='bbox 1161 3695 1261 3749; x_wconf 83' lang='lat' dir='ltr'>aliast</span> 
     </span>
     <span class='ocr_line' id='line_1_45' title="bbox 110 3768 1258 3845; baseline 0.006 -24"><span class='ocrx_word' id='word_1_395' title='bbox 110 3769 218 3838; x_wconf 81' lang='lat' dir='ltr'>singula</span> <span class='ocrx_word' id='word_1_396' title='bbox 230 3770 353 3837; x_wconf 86' lang='lat' dir='ltr'>faciendi,</span> <span class='ocrx_word' id='word_1_397' title='bbox 366 3771 480 3839; x_wconf 90' lang='lat' dir='ltr'>dicendi,</span> <span class='ocrx_word' id='word_1_398' title='bbox 492 3769 609 3842; x_wconf 75' lang='lat' dir='ltr'>gerendi,</span> <span class='ocrx_word' id='word_1_399' title='bbox 627 3768 780 3837; x_wconf 87' lang='lat' dir='ltr'>exercendi,</span> <span class='ocrx_word' id='word_1_400' title='bbox 791 3771 960 3840; x_wconf 88' lang='lat' dir='ltr'>procurandi,</span> <span class='ocrx_word' id='word_1_401' title='bbox 971 3777 1000 3825; x_wconf 89' lang='grc'>91</span> <span class='ocrx_word' id='word_1_402' title='bbox 1017 3773 1186 3844; x_wconf 85' lang='lat' dir='ltr'>expediendi,</span> <span class='ocrx_word' id='word_1_403' title='bbox 1197 3790 1258 3845; x_wconf 83' lang='lat' dir='ltr'>quoe</span> 
     </span>
     <span class='ocr_line' id='line_1_46' title="bbox 95 3847 1260 3922; baseline 0.003 -20"><span class='ocrx_word' id='word_1_404' title='bbox 95 3848 138 3910; x_wconf 79' lang='lat' dir='ltr'>in</span> <span class='ocrx_word' id='word_1_405' title='bbox 151 3849 296 3921; x_wconf 83' lang='lat' dir='ltr'>praemissis</span> <span class='ocrx_word' id='word_1_406' title='bbox 317 3851 360 3904; x_wconf 89' lang='lat' dir='ltr'>vel</span> <span class='ocrx_word' id='word_1_407' title='bbox 377 3850 446 3904; x_wconf 91' lang='lat' dir='ltr'>circa</span> <span class='ocrx_word' id='word_1_408' title='bbox 464 3869 495 3903; x_wconf 92' lang='lat' dir='ltr'>ea</span> <span class='ocrx_word' id='word_1_409' title='bbox 512 3847 661 3905; x_wconf 87' lang='lat' dir='ltr'>necessaria</span> <span class='ocrx_word' id='word_1_410' title='bbox 679 3847 780 3903; x_wconf 83' lang='lat' dir='ltr'>fuerint</span> <span class='ocrx_word' id='word_1_411' title='bbox 798 3865 845 3903; x_wconf 90' lang='lat' dir='ltr'>seu</span> <span class='ocrx_word' id='word_1_412' title='bbox 860 3848 1061 3920; x_wconf 91' lang='lat' dir='ltr'>quomodolibet</span> <span class='ocrx_word' id='word_1_413' title='bbox 1079 3857 1219 3922; x_wconf 84' lang='lat' dir='ltr'>oportuna,</span> <span class='ocrx_word' id='word_1_414' title='bbox 1232 3859 1260 3906; x_wconf 90' lang='grc'>91</span> 
     </span>
     <span class='ocr_line' id='line_1_47' title="bbox 110 3927 1261 4000; baseline 0.004 -19"><span class='ocrx_word' id='word_1_415' title='bbox 110 3946 171 3998; x_wconf 88' lang='lat' dir='ltr'>quae</span> <span class='ocrx_word' id='word_1_416' title='bbox 185 3946 234 3999; x_wconf 83' lang='lat' dir='ltr'>ego</span> <span class='ocrx_word' id='word_1_417' title='bbox 246 3929 334 3982; x_wconf 84' lang='lat' dir='ltr'>facere</span> <span class='ocrx_word' id='word_1_418' title='bbox 343 3947 447 3999; x_wconf 92' lang='lat' dir='ltr'>possem</span> <span class='ocrx_word' id='word_1_419' title='bbox 459 3929 482 3983; x_wconf 89' lang='lat' dir='ltr'>si</span> <span class='ocrx_word' id='word_1_420' title='bbox 494 3928 638 3999; x_wconf 78' lang='lat' dir='ltr'>praemissis</span> <span class='ocrx_word' id='word_1_421' title='bbox 650 3927 775 3983; x_wconf 90' lang='lat' dir='ltr'>omnibus</span> <span class='ocrx_word' id='word_1_422' title='bbox 786 3934 814 3983; x_wconf 90' lang='grc'>91</span> <span class='ocrx_word' id='word_1_423' title='bbox 826 3927 939 4000; x_wconf 79' lang='lat' dir='ltr'>singulis</span> <span class='ocrx_word' id='word_1_424' title='bbox 957 3945 1075 4000; x_wconf 83' lang='lat' dir='ltr'>praesena</span> <span class='ocrx_word' id='word_1_425' title='bbox 1085 3930 1261 4000; x_wconf 77' lang='lat' dir='ltr'>personaliter</span> 
     </span>
     <span class='ocr_line' id='line_1_48' title="bbox 110 4007 1260 4079; baseline 0.003 -19"><span class='ocrx_word' id='word_1_426' title='bbox 110 4008 272 4075; x_wconf 88' lang='lat' dir='ltr'>interessem,</span> <span class='ocrx_word' id='word_1_427' title='bbox 286 4008 372 4061; x_wconf 90' lang='lat' dir='ltr'>eciam</span> <span class='ocrx_word' id='word_1_428' title='bbox 384 4008 405 4061; x_wconf 92' lang='lat' dir='ltr'>si</span> <span class='ocrx_word' id='word_1_429' title='bbox 418 4008 575 4061; x_wconf 87' lang='lat' dir='ltr'>mandatum</span> <span class='ocrx_word' id='word_1_430' title='bbox 588 4007 674 4076; x_wconf 83' lang='lat' dir='ltr'>magia</span> <span class='ocrx_word' id='word_1_431' title='bbox 686 4007 796 4077; x_wconf 85' lang='lat' dir='ltr'>exigant</span> <span class='ocrx_word' id='word_1_432' title='bbox 807 4007 922 4078; x_wconf 84' lang='lat' dir='ltr'>speciale</span> <span class='ocrx_word' id='word_1_433' title='bbox 933 4024 1015 4078; x_wconf 84' lang='lat' dir='ltr'>quarn</span> <span class='ocrx_word' id='word_1_434' title='bbox 1031 4007 1208 4079; x_wconf 71' lang='lat' dir='ltr'>presentibus</span> <span class='ocrx_word' id='word_1_435' title='bbox 1219 4016 1260 4064; x_wconf 89' lang='grc'>991</span> 
     </span>
     <span class='ocr_line' id='line_1_49' title="bbox 111 4084 1260 4158; baseline 0.001 -18"><span class='ocrx_word' id='word_1_436' title='bbox 111 4104 273 4155; x_wconf 89' lang='lat' dir='ltr'>expressum,</span> <span class='ocrx_word' id='word_1_437' title='bbox 286 4095 384 4154; x_wconf 86' lang='lat' dir='ltr'>ratum,</span> <span class='ocrx_word' id='word_1_438' title='bbox 398 4095 512 4158; x_wconf 55' lang='grc'><strong>1191111,</strong></span> <span class='ocrx_word' id='word_1_439' title='bbox 524 4086 633 4138; x_wconf 91' lang='lat' dir='ltr'>firmum</span> <span class='ocrx_word' id='word_1_440' title='bbox 645 4091 725 4157; x_wconf 85' lang='lat' dir='ltr'>atque</span> <span class='ocrx_word' id='word_1_441' title='bbox 737 4084 833 4140; x_wconf 85' lang='lat' dir='ltr'>stabile</span> <span class='ocrx_word' id='word_1_442' title='bbox 854 4093 982 4156; x_wconf 89' lang='lat' dir='ltr'>perpetuo</span> <span class='ocrx_word' id='word_1_443' title='bbox 999 4085 1119 4140; x_wconf 85' lang='lat' dir='ltr'>habituri</span> <span class='ocrx_word' id='word_1_444' title='bbox 1130 4093 1220 4141; x_wconf 91' lang='lat' dir='ltr'>totum</span> <span class='ocrx_word' id='word_1_445' title='bbox 1232 4096 1260 4142; x_wconf 89' lang='grc'>91</span> 
     </span>
     <span class='ocr_line' id='line_1_50' title="bbox 110 4163 1260 4238; baseline 0.003 -20"><span class='ocrx_word' id='word_1_446' title='bbox 110 4166 237 4236; x_wconf 88' lang='lat' dir='ltr'>quicquid</span> <span class='ocrx_word' id='word_1_447' title='bbox 256 4184 302 4237; x_wconf 92' lang='lat' dir='ltr'>per</span> <span class='ocrx_word' id='word_1_448' title='bbox 318 4166 463 4237; x_wconf 73' lang='lat' dir='ltr'>praedictos</span> <span class='ocrx_word' id='word_1_449' title='bbox 481 4171 665 4236; x_wconf 88' lang='lat' dir='ltr'>procuratores</span> <span class='ocrx_word' id='word_1_450' title='bbox 683 4181 756 4218; x_wconf 91' lang='lat' dir='ltr'>meos</span> <span class='ocrx_word' id='word_1_451' title='bbox 774 4163 949 4236; x_wconf 86' lang='lat' dir='ltr'>conjunctim,</span> <span class='ocrx_word' id='word_1_452' title='bbox 966 4165 1011 4220; x_wconf 85' lang='lat' dir='ltr'>vel</span> <span class='ocrx_word' id='word_1_453' title='bbox 1032 4183 1125 4220; x_wconf 89' lang='grc'><strong>9911111</strong></span> <span class='ocrx_word' id='word_1_454' title='bbox 1144 4165 1260 4238; x_wconf 90' lang='lat' dir='ltr'>aliquem</span> 
     </span>
     <span class='ocr_line' id='line_1_51' title="bbox 109 4243 1262 4316; baseline 0.003 -18"><span class='ocrx_word' id='word_1_455' title='bbox 109 4263 158 4314; x_wconf 91' lang='lat' dir='ltr'>per</span> <span class='ocrx_word' id='word_1_456' title='bbox 170 4262 197 4298; x_wconf 91' lang='grc'>99</span> <span class='ocrx_word' id='word_1_457' title='bbox 210 4245 318 4299; x_wconf 87' lang='lat' dir='ltr'>divisim</span> <span class='ocrx_word' id='word_1_458' title='bbox 337 4253 436 4314; x_wconf 85' lang='lat' dir='ltr'>actum,</span> <span class='ocrx_word' id='word_1_459' title='bbox 456 4244 567 4311; x_wconf 85' lang='lat' dir='ltr'>factum,</span> <span class='ocrx_word' id='word_1_460' title='bbox 588 4244 702 4311; x_wconf 88' lang='lat' dir='ltr'>dictum,</span> <span class='ocrx_word' id='word_1_461' title='bbox 720 4248 835 4313; x_wconf 86' lang='lat' dir='ltr'>gestum,</span> <span class='ocrx_word' id='word_1_462' title='bbox 853 4243 1009 4312; x_wconf 87' lang='lat' dir='ltr'>exercitum,</span> <span class='ocrx_word' id='word_1_463' title='bbox 1028 4251 1211 4316; x_wconf 83' lang='lat' dir='ltr'>procuratum,</span> <span class='ocrx_word' id='word_1_464' title='bbox 1232 4253 1262 4302; x_wconf 89' lang='lat' dir='ltr'>et</span> 
     </span>
     <span class='ocr_line' id='line_1_52' title="bbox 111 4322 1261 4396; baseline 0.004 -20"><span class='ocrx_word' id='word_1_465' title='bbox 111 4324 268 4394; x_wconf 86' lang='lat' dir='ltr'>expeditum</span> <span class='ocrx_word' id='word_1_466' title='bbox 287 4325 370 4378; x_wconf 86' lang='lat' dir='ltr'>fuerit</span> <span class='ocrx_word' id='word_1_467' title='bbox 389 4325 417 4378; x_wconf 90' lang='lat' dir='ltr'>in</span> <span class='ocrx_word' id='word_1_468' title='bbox 438 4322 582 4396; x_wconf 87' lang='lat' dir='ltr'>praemissis</span> <span class='ocrx_word' id='word_1_469' title='bbox 606 4341 652 4377; x_wconf 93' lang='lat' dir='ltr'>seu</span> <span class='ocrx_word' id='word_1_470' title='bbox 675 4322 767 4393; x_wconf 82' lang='lat' dir='ltr'>aliquo</span> <span class='ocrx_word' id='word_1_471' title='bbox 791 4322 999 4393; x_wconf 76' lang='lat' dir='ltr'>praemissorum,</span> <span class='ocrx_word' id='word_1_472' title='bbox 1020 4323 1124 4396; x_wconf 93' lang='lat' dir='ltr'>judicio</span> <span class='ocrx_word' id='word_1_473' title='bbox 1148 4324 1208 4379; x_wconf 84' lang='grc'><strong>91911</strong></span> <span class='ocrx_word' id='word_1_474' title='bbox 1232 4333 1261 4382; x_wconf 88' lang='grc'>91</span> 
     </span>
     <span class='ocr_line' id='line_1_53' title="bbox 107 4400 1260 4475; baseline 0.004 -19"><span class='ocrx_word' id='word_1_475' title='bbox 107 4403 262 4475; x_wconf 84' lang='lat' dir='ltr'>judicatum</span> <span class='ocrx_word' id='word_1_476' title='bbox 286 4405 359 4459; x_wconf 87' lang='grc'><strong>991119</strong></span> <span class='ocrx_word' id='word_1_477' title='bbox 382 4405 432 4459; x_wconf 90' lang='lat' dir='ltr'>snb</span> <span class='ocrx_word' id='word_1_478' title='bbox 453 4404 586 4475; x_wconf 84' lang='lat' dir='ltr'>ypotheca</span> <span class='ocrx_word' id='word_1_479' title='bbox 605 4408 632 4457; x_wconf 91' lang='lat' dir='ltr'>et</span> <span class='ocrx_word' id='word_1_480' title='bbox 657 4401 823 4474; x_wconf 87' lang='lat' dir='ltr'>obligacione</span> <span class='ocrx_word' id='word_1_481' title='bbox 848 4400 975 4461; x_wconf 82' lang='lat' dir='ltr'>omniurn¹</span> <span class='ocrx_word' id='word_1_482' title='bbox 989 4402 1118 4458; x_wconf 88' lang='lat' dir='ltr'>bonorum</span> <span class='ocrx_word' id='word_1_483' title='bbox 1138 4420 1260 4461; x_wconf 85' lang='lat' dir='ltr'>meorum</span> 
     </span>
     <span class='ocr_line' id='line_1_54' title="bbox 111 4482 1262 4554; baseline 0.004 -20"><span class='ocrx_word' id='word_1_484' title='bbox 111 4482 247 4552; x_wconf 89' lang='lat' dir='ltr'>promitto,</span> <span class='ocrx_word' id='word_1_485' title='bbox 260 4492 287 4537; x_wconf 88' lang='grc'>91</span> <span class='ocrx_word' id='word_1_486' title='bbox 300 4484 454 4538; x_wconf 84' lang='lat' dir='ltr'>concionem</span> <span class='ocrx_word' id='word_1_487' title='bbox 467 4499 572 4554; x_wconf 88' lang='lat' dir='ltr'>expono</span> <span class='ocrx_word' id='word_1_488' title='bbox 584 4482 692 4542; x_wconf 86' lang='lat' dir='ltr'>realiter</span> <span class='ocrx_word' id='word_1_489' title='bbox 710 4499 757 4554; x_wconf 91' lang='lat' dir='ltr'>per</span> <span class='ocrx_word' id='word_1_490' title='bbox 776 4488 929 4552; x_wconf 83' lang='lat' dir='ltr'>praesentes.</span> <span class='ocrx_word' id='word_1_491' title='bbox 965 4482 1000 4535; x_wconf 89' lang='lat' dir='ltr'>In</span> <span class='ocrx_word' id='word_1_492' title='bbox 1011 4500 1126 4554; x_wconf 90' lang='lat' dir='ltr'>quorum</span> <span class='ocrx_word' id='word_1_493' title='bbox 1138 4484 1262 4540; x_wconf 91' lang='lat' dir='ltr'>omnium</span> 
     </span>
    </p>
   </div>
   <div class='ocr_carea' id='block_1_8' title="bbox 0 0 1549 5032">
    <p class='ocr_par' dir='ltr' id='par_1_8' title="bbox 0 0 1549 5032">
     <span class='ocr_line' id='line_1_55' title="bbox 0 0 1549 5032; baseline 0 0"><span class='ocrx_word' id='word_1_494' title='bbox 0 0 1549 5032; x_wconf 95' lang='lat' dir='ltr'> </span> 
     </span>
    </p>
   </div>
  </div>
 </body>
</html>
