3074 5032
275 317 448 370 nxrmcrs
472 315 572 369 11011
597 316 694 370 roan
719 316 930 384 sesamam
958 319 1089 372 101111.
1361 303 1434 374 143

106 486 141 548 11
164 482 457 548 exhaeredaeionem
480 485 622 549 ecclesiae
644 491 762 549 nostrae
788 488 960 569 praedictae,
985 489 1152 570 nostrique
1174 510 1256 572 prae-
1283 503 1379 546 outour

101 581 267 662 judicium
281 602 318 642 ac
329 581 454 663 jurium
464 587 500 642 et
507 582 750 666 privilegiorum
759 583 855 645 dictae
867 583 1008 646 ecclesiae
1020 583 1256 646 detrimentum
1282 563 1388 614 ⁰⁰¹¹⁸³¹¹l

107 678 382 758 praesumpserint,
398 699 455 739 seu
478 675 667 760 hujusmodi
686 678 908 757 violacionem,
925 680 1190 758 subtraccionem,
1205 701 1257 742 as-

106 774 335 855 portacionem,
362 775 664 852 contrectacionem,
693 795 751 836 seu
776 775 1012 853 detencicnem,
1040 797 1097 838 suo
1124 778 1256 839 nomine
1282 789 1419 848 onpainor

108 868 208 930 factas
223 872 309 929 ratas
324 867 500 930 habuerint
515 869 567 930 vel
582 874 739 952 acceptas,
755 869 887 951 majoris
911 872 1255 934 excommunicacionis
1282 850 1429 954 ffiffiff'

109 965 308 1026 sentenciam
338 965 502 1026 incurrere
532 965 603 1047 ipso
633 965 729 1027 facto.
785 965 830 1026 Et
858 985 1055 1048 quamquam
1091 968 1257 1049 praemissa
1281 966 1398 1013 nicatur.

108 1058 232 1120 fuerint
261 1064 297 1119 et
327 1059 394 1120 sint
423 1059 535 1141 patulo
557 1059 682 1141 jndicio
708 1059 910 1142 singulorum
935 1063 1028 1143 quasi
1051 1062 1184 1124 auribus
1207 1063 1259 1123 in-

109 1154 245 1231 culcata,
260 1154 394 1235 quidam
410 1159 532 1231 tamen,
548 1175 686 1236 quorum
701 1155 741 1216 ad
758 1175 897 1235 praesens
921 1157 1053 1218 nomina
1067 1158 1258 1241 ignorantur

108 1250 228 1330 pariter
251 1255 286 1310 01
306 1270 463 1330 personae,
485 1251 828 1313 excommunicacionis
851 1249 1040 1334 hujusmodi
1059 1255 1258 1316 sentenciam

110 1365 175 1406 non
190 1349 349 1421 10101100,
364 1344 533 1406 libertates
545 1350 728 1407 nostrorum
743 1346 879 1407 dominii
895 1351 930 1408 et
944 1349 1080 1410 manerii
1092 1349 1132 1410 de
1142 1346 1259 1430 Ripon'
1312 1357 1314 1360 ’

110 1440 262 1522 praedicta
278 1439 465 1523 infringere,
476 1461 512 1501 ac
524 1446 641 1522 praeter
656 1446 690 1502 et
705 1446 816 1504 contra
823 1445 967 1503 nostram
978 1450 1075 1525 atque
1085 1445 1258 1506 custodum

111 1556 169 1617 per
191 1556 249 1597 nos
272 1536 500 1617 deputatorum
520 1536 733 1614 voluntatem,
748 1537 882 1613 rotulos,
898 1539 1026 1619 scripta,
1042 1541 1259 1616 munimenta,
1284 1556 1412 1612 Rollseto.

111 1636 146 1693 et
161 1632 352 1708 evidencias,
363 1630 450 1714 jura,
466 1630 645 1709 libertates,
657 1637 754 1712 atque
770 1631 939 1715 privilegia
948 1633 1111 1695 dictorum
1122 1635 1259 1696 dominii
1283 1616 1413 1720 mm
1428 1646 1431 1650 ’

112 1733 147 1788 01
168 1728 304 1788 manerii
325 1728 366 1788 de
389 1727 505 1808 Ripon’
525 1729 753 1789 concernencia
775 1733 947 1809 asportare,
967 1728 1166 1808 subtrahere,
1182 1750 1259 1791 con·
1285 1747 1363 1792 away.

110 1827 259 1899 tractare,
276 1828 310 1884 et
325 1823 472 1884 detinere
496 1828 619 1886 temere
641 1829 927 1905 praesumpserunt,
951 1829 985 1886 et
1007 1825 1113 1887 indies
1136 1830 1260 1888 temere

112 1924 323 2002 praesumunt,
339 1939 375 1980 ac
391 1920 437 1980 sie
453 1920 628 1996 subtracta,
644 1925 817 2001 asportata,
834 1925 869 1981 et
883 1925 1093 2001 contrectata,
1108 1923 1261 1986 detinent

112 2036 280 2099 perperam
303 2022 338 2078 et
359 2017 482 2099 inique,
505 2018 540 2077 in
562 2018 744 2078 animarum
768 2036 899 2078 suarum
921 2019 1042 2098 grande
1065 2019 1259 2100 periculum,

112 2112 309 2189 libertatum,
335 2111 472 2193 jurium,
504 2132 540 2172 ac
573 2111 815 2194 privilegiorum
853 2111 1013 2173 dictorum
1049 2113 1186 2176 dominii
1224 2119 1260 2176 et

112 2208 248 2268 manerii
276 2207 510 2288 praejudicium,
535 2212 568 2269 01
599 2211 746 2268 nostrum
776 2212 1003 2288 contemptum
1032 2212 1131 2290 atque
1162 2209 1258 2272 dictae

112 2303 255 2364 ecclesiae
275 2308 393 2364 nostrae
415 2301 637 2364 manifestum.
684 2302 839 2376 Quocirca
860 2302 951 2365 vobis
974 2307 1008 2365 et
1030 2305 1167 2368 cuilibet
1187 2325 1261 2367 ves·

112 2404 211 2474 trum,
228 2399 264 2458 in
281 2399 402 2460 virtute
426 2402 545 2459 sanctae
568 2397 762 2460 obedienciae
784 2398 921 2460 firmiter
942 2397 1144 2482 injungendo
1166 2420 1260 2461 man·

112 2495 226 2556 damus
249 2495 402 2574 quatinus
425 2495 595 2571 moneatis,
611 2493 800 2576 et·quilibet
821 2499 965 2555 vestrum
987 2500 1129 2573 moneat,
1147 2515 1259 2557 omnes
1295 2556 1297 2559 ,

113 2594 147 2651 01
163 2589 305 2672 singulos
325 2587 513 2671 hujusmodi
536 2588 703 2650 libertates
726 2595 765 2650 ut
786 2590 998 2670 praemittitur
1019 2590 1179 2652 violantes
1203 2610 1260 2653 seu

113 2684 341 2768 infringentes,
356 2705 392 2746 ac
408 2689 523 2761 cartas,
544 2683 666 2761 literas,
688 2684 815 2765 scripta,
834 2685 1051 2762 munimenta,
1067 2685 1261 2763 evidencias,

115 2802 172 2842 seu
186 2781 309 2842 rotulos
328 2779 515 2863 hujusmodi
535 2779 773 2857 subtrahentes,
787 2784 998 2861 asportantes,
1013 2785 1261 2859 contrectantes,

114 2897 171 2938 seu
186 2877 382 2953 detinentes,
397 2877 483 2957 quod
499 2876 581 2937 infra
596 2876 782 2957 quindecim
794 2875 920 2936 dierum
930 2876 1075 2956 spacium
1085 2896 1104 2937 a
1114 2880 1261 2958 tempore
1285 2885 1353 2931 Musa
1362 2885 1393 2932 be

113 2975 305 3035 monicionis
325 2978 440 3034 vestrae
464 2993 521 3034 seu
541 2977 686 3034 vestrum
711 2970 895 3052 cujuslibet,
914 2973 1068 3033 continue
1086 2991 1261 3034 numerari·
1285 2945 1421 3048 quppirqu·

114 3069 204 3147 dum,
217 3090 236 3130 0
248 3069 438 3130 libertatum
454 3074 492 3130 ut
507 3069 719 3150 praemittitur
734 3067 910 3128 violacione
925 3064 1113 3148 hujusmodi
1128 3069 1261 3129 omnino
1285 3066 1339 3111 taen
1349 3062 1411 3122 ‘¹²5⁸
1421 3074 1437 3116 ³·

114 3166 283 3240 desistant,
309 3186 345 3225 ac
369 3166 614 3226 restitucionem
644 3168 817 3239 cartarum,
846 3161 1026 3240 literarum,
1058 3164 1262 3245 scriptorum,
1324 3167 1327 3174 '

114 3261 403 3336 munimentorum,
447 3260 639 3336 rotulorum,
677 3264 712 3321 et
748 3258 987 3320 evidenciarum
1024 3259 1262 3340 praemissorum

114 3357 244 3418 realiter
259 3354 380 3417 faciant
400 3356 587 3418 custodibus
606 3356 729 3418 ibidem
750 3359 784 3416 et
807 3353 966 3415 officiariis
985 3355 1104 3416 nostris
1126 3373 1184 3436 per
1204 3374 1263 3417 nos

114 3452 197 3515 inibi
219 3452 394 3533 deputatis.
439 3451 603 3533 Alioquin,
628 3451 717 3533 lapso
740 3450 901 3511 dictorum
925 3449 1112 3531 quindecim
1135 3450 1264 3512 dierum
1288 3461 1415 3509 otherwise

117 3549 233 3632 spacio,
248 3545 436 3629 hujusmodi
444 3547 615 3609 violatores
631 3568 668 3608 ac
683 3551 854 3623 cartarum,
865 3545 1046 3621 literarum,
1058 3547 1263 3628 scriptorum,
1288 3522 1404 3627 lignum

116 3645 407 3719 munimentorum,
418 3643 666 3719 evidenciarum,
683 3662 740 3704 seu
754 3641 935 3703 rotulorum
950 3645 1174 3723 asportatores,
1187 3641 1263 3704 sub·
1288 3638 1405 3742 8113111

115 3744 282 3816 tractores,
297 3743 558 3816 contrectatores,
575 3759 633 3800 seu
649 3739 844 3814 detentores,
864 3757 976 3798 omnes
1000 3741 1035 3798 et
1057 3738 1211 3820 singulos,
1228 3740 1263 3799 in
1288 3712 1426 3803 ldddiearea

117 3835 254 3918 singulis
280 3835 423 3896 ecclesiis
447 3839 481 3896 et
505 3833 637 3917 capellis
659 3854 718 3915 per
738 3837 848 3894 totum
862 3832 1055 3893 decanatum
1069 3833 1263 3912 praedictum

117 3933 304 4008 existentes,
319 3930 434 3992 diebus
443 3931 620 3992 Dominicis
636 3934 671 3991 et
685 3928 822 4004 festivis,
837 3928 924 3988 intra
938 3928 1110 3988 missarum
1126 3926 1265 4009 solemp-

117 4030 182 4104 nia,
201 4028 280 4089 dum
301 4025 404 4108 major
424 4025 555 4088 affuerit
576 4025 688 4108 populi
709 4022 890 4085 multitudo
911 4023 947 4083 in
970 4022 1102 4099 eisdem,
1126 4021 1264 4103 pulsatis
1351 4023 1354 4028 ’

117 4124 293 4205 campanis,
319 4123 461 4183 accensis
485 4116 626 4183 candelis
657 4125 691 4183 et
721 4119 885 4196 extinctis,
909 4136 1068 4199 cruceque
1088 4121 1201 4209 ,erecta
1224 4122 1267 4191 ut

118 4221 217 4283 moris
248 4223 307 4295 est,
338 4239 374 4279 ac
403 4218 475 4279 aliis
506 4215 789 4298 solempnitatibus
819 4213 984 4275 consuetis
1013 4213 1049 4274 in
1078 4210 1267 4295 hujusmodi
1309 4231 1311 4237 ·

119 4316 305 4392 observatis,
321 4315 612 4377 excommunicatos
635 4311 736 4373 fuisse
751 4314 785 4373 et
800 4329 870 4372 esse
887 4304 1028 4391 puplice,
1045 4309 1267 4393 solempniter,

121 4419 156 4475 et
185 4413 220 4473 in
250 4430 368 4494 genere
399 4409 603 4472 denuncietis
634 4414 668 4471 et
698 4405 875 4470 denunciet
901 4403 1040 4487 quilibet
1069 4409 1268 4485 vestrum,a
