3074 5032
92 335 164 407 134
626 343 833 397 Mnuonuns
858 343 903 395 or
929 343 1048 395 RIPON.

89 532 212 601 partarum
265 539 322 601 pro
346 516 458 579 futuro
482 514 686 597 experiencia
709 513 908 595 subsequens
930 513 1081 575 nocivum
1104 512 1257 590 ostendit,
1274 516 1308 574 et
1329 511 1417 595 quod

11 634 13 636 ·
91 592 241 650 “foe”²‘⁶‘⁰'
264 635 322 697 pro
337 618 483 694 tempore
506 611 654 673 consulte
676 610 833 671 statuitur
852 629 892 670 ex
911 609 1113 691 temporibus
1133 609 1320 670 mutacione
1340 628 1417 670 con-

211 706 217 719 '
267 710 388 772 sulcius
412 711 590 782 revocatur,
621 707 695 768 ideo
724 724 790 767 non
820 705 919 767 debet
948 704 1202 787 reprehensibile
1224 704 1417 786 judicarisi

268 805 446 867 secundum
470 804 662 865 varietatem
683 804 869 881 temporum
892 804 1015 862 statuta
1037 801 1229 883 quandoque
1252 801 1418 861 varientur

267 898 420 977 humana,
451 898 630 980 praesertim
659 900 729 957 tam
758 901 914 958 contenta
943 897 979 957 in
1009 897 1132 959 eisdem
1162 895 1276 957 obesse
1304 896 1418 976 pocius

267 996 413 1076 ceperint
428 1015 527 1075 quam
542 993 701 1074 prodesse.

93 1108 131 1166 By
142 1108 239 1154 ancient
335 1091 439 1154 ‘Cum
453 1091 557 1172 igitur
571 1090 605 1150 in
621 1089 709 1151 dicta
725 1088 859 1150 ecclesia
875 1088 992 1169 Ripon'
1005 1088 1122 1151 fuisset
1136 1088 1318 1169 antiquitus
1333 1086 1418 1148 crdi-

93 1168 237 1272 ssfflffiffie
268 1190 395 1264 natum,
412 1190 585 1262 statutum,
602 1190 637 1246 et
651 1185 823 1262 usitatum,
840 1205 898 1246 seu
920 1185 1051 1266 alonge
1072 1185 1241 1246 retroactis
1262 1183 1418 1263 tempori-

92 1288 132 1331 six
144 1297 230 1329 canons
268 1282 329 1344 bus
351 1287 555 1358 consuetum,
582 1281 668 1360 quod
694 1280 814 1364 singuli
843 1300 897 1341 sex
921 1281 1066 1341 canonici
1092 1279 1239 1361 ejusdem
1265 1277 1419 1355 ecclesiae,

92 1344 226 1447 iiibbhian
269 1377 515 1458 praebendarum
545 1375 585 1436 de
616 1374 819 1452 Monketon’,
850 1375 1012 1456 Stodelay,
1043 1375 1246 1457 Gyuendale,
1269 1371 1418 1449 Nonwik,

92 1461 243 1577 {fflgoffffl
268 1472 442 1549 Sharrowe,
459 1476 494 1534 et
516 1473 557 1535 de
580 1471 687 1553 Thorp
702 1473 737 1532 in
762 1472 874 1533 eadem
898 1471 1032 1533 ecclesia
1054 1471 1277 1553 praebendarii,
1292 1489 1419 1531 necnon

93 1578 156 1647 nous
167 1578 193 1624 of
266 1571 370 1652 ipsius
385 1568 527 1631 ecclesiae
549 1567 670 1630 fabrica
685 1571 789 1629 certas
803 1589 955 1650 personas
970 1566 1063 1653 (εἰσ)1
1080 1588 1138 1629 seu
1159 1566 1314 1648 percellas
1329 1565 1418 1627 deci-

91 1638 171 1683 utha.
266 1685 404 1742 marum,
422 1664 603 1747 garbarum,
620 1667 654 1725 et
668 1662 747 1725 foeni
769 1665 804 1724 in
827 1665 948 1745 campis
972 1669 1006 1725 et
1028 1662 1137 1724 croftis
1152 1661 1237 1723 villae
1252 1660 1368 1743 Ripon’
1383 1665 1418 1722 et

267 1761 458 1844 Bondegate
473 1761 618 1841 praedict.
633 1780 692 1841 per
707 1779 741 1821 se
757 1760 965 1844 singulariter
980 1765 1015 1820 et
1030 1759 1161 1821 divisim
1178 1778 1237 1839 per
1250 1757 1416 1838 porciones

268 1861 379 1919 tamen
395 1855 570 1937 inaequales
585 1857 790 1937 perciperent
801 1862 835 1919 et
846 1854 1015 1933 haberent,
1024 1875 1096 1938 quae
1107 1854 1239 1937 quidem
1250 1853 1416 1934 porciones

266 1973 325 2034 pro
340 1973 378 2014 eo
394 1952 480 2032 quod
494 1971 513 2011 a
527 1951 694 2012 nonnullis
709 1951 910 2032 temporibus
931 1955 970 2012 ut
991 1951 1171 2032 plurimum
1192 1950 1252 2010 uni
1273 1967 1415 2029 personae

267 2051 360 2108 erant
375 2044 416 2108 ad
432 2047 558 2108 firmam
573 2047 726 2123 dimissae,
742 2066 814 2128 quae
836 2067 973 2127 persona
987 2047 1023 2107 in
1038 2045 1220 2128 colligendo
1234 2044 1320 2124 ipsas
1342 2064 1417 2125 por·

91 2153 167 2198 These
179 2153 241 2200 have
266 2144 375 2204 ciones
399 2162 451 2203 eas
475 2141 656 2202 abinvicem
678 2161 743 2202 non
774 2143 935 2222 separavit
957 2147 1008 2204 set
1030 2140 1262 2224 distinguebat,
1281 2137 1351 2221 jam
1373 2139 1415 2201 ad

91 2213 222 2317 {ggebgssp
265 2241 394 2298 tantam
424 2235 648 2297 confusionem
678 2240 711 2298 et
737 2237 1007 2298 incertitudinem
1031 2237 1244 2312 devenerunt,
1267 2235 1353 2317 quod
1378 2235 1415 2296 in

91 2329 166 2374 ruseu.
265 2332 344 2394 locis
374 2353 414 2394 ex
443 2331 561 2413 quibus
600 2330 736 2413 singulae
766 2333 932 2413 porciones
961 2331 1149 2415 hujusmodi
1177 2331 1416 2414 particulariter

265 2426 377 2511 colligi
392 2431 427 2489 et
441 2427 541 2508 recipi
556 2426 723 2504 deberent,
735 2427 1008 2489 certitudinaliter
1022 2427 1106 2488 nulli
1121 2432 1258 2506 constat,
1268 2429 1315 2488 ita
1329 2426 1415 2509 quod

265 2525 410 2606 ipsarum
426 2524 591 2585 occasione
607 2527 676 2584 tarn
699 2524 786 2584 inter
800 2524 903 2585 dictos
926 2524 1160 2605 praebendarios
1184 2544 1281 2606 quam
1304 2543 1415 2585 eorum

266 2620 422 2682 firmarios
435 2620 471 2680 in
487 2617 546 2680 hac
560 2624 653 2700 parte
675 2619 823 2702 gravium
839 2620 1076 2683 dissensionum
1095 2621 1249 2699 materiae,
1264 2621 1298 2698 in
1314 2620 1415 2701 ipsius

266 2714 409 2777 ecclesiae
431 2714 547 2796 Ripon’
565 2719 601 2775 et
622 2716 848 2777 canonicorum
872 2720 906 2777 et
927 2716 1220 2796 praebendariorum
1242 2718 1277 2777 in
1301 2717 1415 2777 eadem

267 2831 364 2894 grave
379 2810 603 2892 praejudicium
620 2815 654 2871 et
670 2810 854 2872 scandalum
868 2811 1082 2892 plurimorum
1104 2813 1219 2894 saepius
1234 2811 1365 2890 fiebant,
1381 2815 1416 2872 et

267 2906 486 2968 verisimiliter
500 2906 589 2966 orriri
604 2910 758 2987 poterunt
773 2906 807 2967 in
824 2905 981 2969 futurum.

90 3024 141 3071 The
153 3023 230 3084 chap-
335 3001 452 3063 ‘Unde
467 3022 536 3080 nos,
552 2999 741 3083 Capitulum
758 3002 899 3064 ecclesiae
922 3002 1038 3084 Ripon’
1052 3004 1255 3085 praedictum,
1270 3002 1415 3064 volentes

92 3087 129 3129 ω
139 3091 189 3130 ‘¹¹⁶²
232 3088 235 3091 ”
267 3098 455 3181 hujusmodi
469 3100 721 3162 dissensionibus
737 3104 771 3162 et
787 3100 941 3162 scandalis
951 3101 1091 3178 obviare,
1100 3122 1137 3163 ac
1153 3102 1199 3162 eis
1211 3101 1415 3182 inquantum

91 3142 196 3257 iiiiii>
267 3197 687 3278 cumDeopossumusviam
697 3196 893 3278 praecludere
902 3217 944 3258 ne
952 3198 1415 3276 subintrent,convocacionem

91 3263 241 3378 iiffiitea
267 3292 416 3354 omnium
432 3291 629 3353 confratrum
643 3297 827 3353 nostrorum
850 3292 919 3353 fieri
943 3291 1080 3355 fecimus
1102 3297 1137 3354 et
1159 3293 1358 3354 decrevimus
1379 3293 1416 3354 in

93 3378 229 3481 ἓξοῗξω
267 3388 363 3449 domo
390 3391 499 3447 nostro
522 3386 691 3466 capitulari
714 3386 756 3447 ad
781 3387 923 3466 primum
950 3388 1038 3449 diem
1064 3389 1185 3450 mensis
1211 3388 1315 3465 Junii,
1331 3409 1416 3450 anno

93 3495 184 3539 absent
267 3481 400 3540 Domini
416 3487 477 3541 etc.
493 3480 577 3555 lxxv,
593 3500 656 3560 quo
671 3481 932 3560 comparentibus
947 3482 982 3542 in
997 3484 1093 3545 domo
1115 3489 1225 3545 nostra
1246 3484 1417 3565 capitulari

268 3572 418 3634 omnibus
434 3578 469 3633 et
485 3572 621 3654 singulis
637 3573 732 3634 dictae
748 3574 888 3635 ecclesiae
907 3578 1067 3638 canonicis
1091 3583 1125 3638 et
1146 3578 1334 3659 praebendas
1357 3600 1415 3661 op-

94 3690 147 3736 List
157 3690 184 3736 or
267 3666 452 3731 tinentibus
467 3668 503 3727 in
518 3667 644 3745 eadem,
654 3668 785 3729 domino
798 3668 934 3750 Gydone
950 3671 990 3731 de
1001 3670 1139 3749 Rouclif‚
1155 3675 1317 3749 canonice,
1333 3695 1415 3754 prae-

94 3762 190 3796 canons.
269 3762 424 3828 bendario
441 3763 480 3824 de
504 3762 694 3844 Gyuendale
716 3763 751 3823 in
774 3764 898 3843 eadem,
914 3765 1074 3827 duntaxat
1096 3772 1240 3847 excepto,
1262 3768 1416 3828 videlicet

269 3859 434 3943 magistris
449 3858 597 3922 Johanne
620 3860 661 3922 de
676 3857 840 3942 Thoresby
855 3861 895 3922 da
918 3860 1066 3939 Nonwik,
1082 3861 1231 3925 Johanne
1254 3862 1294 3922 de
1311 3860 1416 3922 Krak-

269 3957 337 4020 hall
360 3956 400 4019 de
425 3956 664 4039 Staynwegges,
687 3955 791 4017 Adam
813 3956 854 4018 de
877 3955 1043 4019 Thornton
1070 3959 1109 4020 de
1133 3956 1312 4019 Monketon
1335 3977 1416 4039 prae-

269 4053 432 4118 bendariis
447 4052 670 4135 personaliter,
683 4057 717 4114 et
732 4052 872 4116 dominis
888 4055 909 4117 J
910 4052 1036 4117 ohanne
1052 4057 1092 4117 de
1109 4054 1233 4118 Sleford
1248 4055 1288 4117 de
1302 4054 1417 4118 Stude·

269 4150 334 4232 lay,
349 4148 498 4211 Johanne
514 4148 554 4211 de
569 4147 780 4231 Armesthorp
794 4149 836 4212 de
852 4148 1025 4229 Shaxrowe,
1040 4150 1189 4214 Johanne
1204 4151 1245 4213 de
1269 4152 1416 4214 Kendale

271 4247 312 4308 de
335 4244 453 4326 Thorp‚
468 4244 697 4326 praebendariis
720 4245 754 4305 in
779 4245 902 4321 eadem,
913 4266 971 4327 per
986 4245 1168 4309 Johannem
1183 4247 1223 4308 de
1238 4247 1417 4331 Wallxyng-

270 4338 358 4418 ham,
373 4339 557 4401 Johannem
579 4341 619 4402 de
643 4340 749 4417 Klint,
764 4339 947 4404 Johannem
970 4342 1010 4404 de
1031 4341 1264 4426 Alhalowgate,
1280 4345 1418 4426 capella-

397 4457 439 4526 (l)
459 4458 630 4530 Apparently
642 4476 659 4512 a
671 4458 776 4513 scribc’s
789 4475 861 4513 error
873 4459 916 4513 for
922 4461 1154 4530 porciam-See
1166 4459 1262 4516 belovv.
