3068 5024
119 304 190 374 112
652 327 860 382 Musicanis
885 329 930 381 or
955 328 1075 383 airon.

118 499 174 559 (36)
357 492 584 580 W(illelmus),
601 501 663 558 etc.
679 497 797 558 dilecto
812 497 880 559 filio
894 497 1060 561 Willelmo
1082 499 1123 562 de
1137 497 1266 584 Thorp’,
1278 504 1440 586 receptori

115 559 247 664 31318ῗὸ2·
291 587 401 643 nostro
430 583 565 664 Rypon',
597 583 746 661 salutem,
772 586 925 668 graciam,
949 590 984 646 et
1007 585 1278 652 benediccionem.
1324 593 1441 655 Libera

115 676 239 780 {imfl-
291 677 456 740 Willelmo
479 679 633 740 staurario
648 684 757 741 nostro
779 680 912 757 ibidem,
927 685 1061 742 centum
1083 702 1108 743 s.
1123 703 1182 764 pro
1195 683 1281 747 foeno
1303 689 1440 750 emendo

116 793 193 863 Dry.)
291 772 331 834 ad
347 793 427 854 opus
443 774 544 835 stauri
555 776 656 836 nostri
671 775 804 852 ibidem,
816 796 913 856 quam
922 775 1055 856 quidem
1065 779 1151 858 petit
1158 798 1216 860 per
1230 781 1439 844 indenturam

115 851 203 899 Lucra
216 852 253 898 ⁰⁸*
290 870 376 930 inter
391 875 425 931 te
449 874 484 931 et
504 870 613 951 ipsum
629 871 706 932 inde
728 869 848 932 factam
870 875 905 932 et
927 875 1090 933 ostensam
1111 876 1263 955 praesenti
1278 877 1438 958 volumus,

290 968 352 1026 etc.
396 963 486 1026 Vale.
532 964 607 1027 Dat.
623 966 708 1046 apud
723 963 841 1047 Thorp’
850 964 946 1047 juxta
961 965 1056 1028 Ebor.
1072 987 1158 1029 anno
1172 973 1235 1031 etc.
1250 970 1349 1053 xxxij.

113 1103 201 1176 1.th
355 1090 583 1178 W(illelmus),
600 1098 661 1154 etc.
678 1093 797 1154 dilecto
817 1093 885 1154 filio
899 1093 1065 1155 Willelmo
1079 1095 1120 1156 de
1135 1092 1263 1179 Thorp’,
1278 1102 1437 1182 receptori

109 1164 232 1280 {ffssssffi
288 1195 397 1251 nostro
427 1188 562 1270 Rypon',
594 1189 744 1265 salutem,
782 1190 934 1272 graciam,
965 1193 1000 1250 et
1034 1188 1308 1256 benediccionem.
1361 1197 1435 1261 Tibi

114 1281 212 1326 emendis
222 1287 244 1326 εἰ
289 1286 478 1347 mandamus
494 1285 646 1365 quatinus
669 1285 726 1346 ubi
741 1284 858 1345 melius
881 1284 999 1346 videris
1015 1287 1176 1366 expedire,
1190 1292 1224 1349 et
1247 1309 1285 1351 eo
1299 1291 1435 1355 celerius

109 1353 233 1442 prmaeiu-
288 1401 352 1461 quo
367 1381 498 1462 poteris,
516 1400 603 1442 emas
623 1379 699 1460 xviij
717 1380 814 1441 boves
830 1381 871 1441 ad
893 1400 1020 1441 carucas
1042 1386 1167 1444 nostras
1190 1384 1276 1465 apud
1298 1386 1434 1468 Rypon’,

115 1455 256 1561 ⁶ss²r¹⁴c⁸5²⁴g⁸⁸ud
288 1497 346 1558 per
373 1477 478 1537 visum
509 1480 544 1538 et
574 1475 745 1537 consilium
769 1475 927 1536 Willelmi
951 1474 992 1537 de
1018 1476 1148 1541 Bedale.
1192 1479 1308 1542 Libera
1331 1485 1433 1545 eciam

109 1528 221 1631 Idmone
287 1570 429 1634 Johanni
451 1572 621 1653 praeposito
643 1576 752 1633 nostro
781 1573 822 1633 de
852 1569 1074 1651 Northlathes,
1104 1577 1231 1637 tantam
1260 1579 1432 1658 pecuniam

287 1673 443 1749 quantam
458 1669 570 1728 asserit
580 1687 613 1728 se
622 1667 768 1749 indigere
779 1687 836 1747 pro
845 1667 1049 1747 reparacione
1064 1668 1220 1731 clausurae
1228 1670 1316 1751 parci
1330 1674 1433 1735 nostri

286 1762 422 1845 Rypon’,
439 1784 497 1845 per
517 1764 623 1825 visum
639 1768 673 1824 et
695 1762 934 1824 ordinacionem
951 1762 1087 1824 Walteri
1103 1764 1144 1825 de
1160 1758 1299 1849 Kereby,
1319 1767 1432 1831 ballivi

285 1860 390 1921 nostri
419 1860 552 1937 ibidem,
577 1863 611 1920 et
633 1859 779 1939 pecuniae
803 1879 962 1919 summam
992 1879 1090 1941 quam
1112 1861 1148 1921 in
1173 1863 1340 1943 empcione
1364 1865 1432 1926 dic-

285 1962 394 2018 torum
403 1954 479 2038 xviij
496 1956 595 2016 boum
610 1975 667 2035 per
679 1955 784 2017 visum
799 1954 879 2015 dicti
893 1953 1051 2015 Willelmi
1066 1959 1262 2042 apposueris,
1276 1958 1431 2041 illamque

284 2053 455 2133 pecuniam
479 2071 575 2132 quam
599 2051 685 2111 dicto
705 2047 847 2111 Johanni
867 2070 926 2130 pro
940 2050 1035 2111 dictae
1059 2051 1212 2114 clausurae
1227 2056 1430 2135 reparacione

284 2168 342 2228 per
367 2133 472 2207 visum
497 2151 530 2206 et
556 2145 794 2207 ordinacionem
816 2145 896 2206 dicti
918 2145 1055 2207 Walteri
1077 2146 1271 2226 liberaveris,
1286 2149 1349 2211 tibi
1372 2171 1430 2232 per

284 2243 473 2303 indenturas
497 2242 583 2301 inter
604 2245 638 2300 te
661 2245 695 2301 et
719 2241 804 2320 ipsos
826 2241 902 2301 inde
925 2240 1026 2302 factas
1049 2247 1084 2303 et
1112 2246 1256 2305 ostensas
1278 2248 1430 2326 praesenti

284 2358 380 2418 super
394 2343 452 2398 tuo
468 2341 616 2417 compoto
631 2336 779 2397 volumus
797 2336 936 2397 allocari.
981 2336 1071 2399 Vale.
1117 2338 1192 2400 Dat.
1208 2341 1295 2422 apud
1309 2339 1427 2424 Thorp’

280 2433 376 2516 juxta
390 2433 484 2496 Ebor.
500 2431 530 2515 vj
549 2431 598 2494 Id.
615 2432 636 2495 J
638 2432 719 2509 unii,
735 2432 829 2493 Anno
844 2433 970 2516 graciae,
984 2436 1046 2494 etc.
1063 2432 1161 2517 xxxij,
1173 2438 1208 2496 et
1223 2437 1429 2517 pontificatus

285 2531 387 2593 nostri
402 2551 453 2592 xv.

110 2674 153 2733 (40
164 2673 221 2776 vl?
237 2733 251 2777 3
349 2669 544 2745 Willelmus,
555 2672 615 2730 etc.
625 2667 753 2729 dilectis
768 2669 843 2730 filiis
858 2668 1077 2751 receptoribus
1091 2670 1209 2731 nostris
1225 2670 1265 2733 de
1277 2669 1428 2734 chirche-

110 2734 259 2837 {31ng
283 2765 366 2843 don’,
398 2766 546 2841 salutem,
569 2766 720 2848 graciam,
750 2770 785 2826 et
811 2764 1080 2826 benediccionem.
1126 2765 1275 2828 Liberate
1297 2767 1428 2829 domino

110 2873 194 2944 Lttqra
283 2860 305 2922 J
306 2859 425 2922 ohanni
448 2861 479 2921 le
501 2861 619 2937 Smale,
635 2861 787 2920 canonico
803 2860 943 2921 ecclesiae
966 2864 1083 2920 nostras
1099 2860 1276 2943 collegiatae
1291 2862 1427 2944 Rypon’,

109 2932 229 3046 {mk
282 2978 345 3018 xxx
367 2957 439 3019 libr.
471 2955 625 3038 sterling,
655 2956 747 3017 nobis
771 2956 806 3016 in
835 2953 918 3016 festo
949 2953 1060 3016 Sancti
1084 2956 1174 3017 Petri
1197 2956 1283 3037 quod
1306 2957 1427 3019 dicitur

108 3051 217 3129 mm?
282 3054 332 3115 Ad
362 3052 500 3114 Vincula
525 3072 614 3133 prox.
646 3051 757 3113 futuro
782 3051 961 3127 solvendas,
987 3071 1045 3132 pro
1071 3051 1189 3132 quibus
1215 3051 1324 3112 literas
1351 3073 1424 3115 suas

107 3107 220 3237 mlier.
282 3146 518 3233 oblig(atorias)
547 3168 647 3229 penes
676 3168 734 3208 nos
759 3167 817 3229 pro
839 3147 1011 3208 securitate
1035 3147 1169 3225 dimisit,
1193 3167 1271 3229 quas
1294 3149 1427 3230 quidem

105 3225 214 3286 ΜΨ·
282 3267 345 3308 xxx
365 3245 468 3307 solid.l
485 3243 574 3305 vobis
591 3264 686 3324 super
701 3249 807 3305 vestro
822 3248 969 3324 compoto
983 3263 1041 3323 per
1056 3244 1274 3306 ostensionem
1289 3263 1428 3325 praesen-

282 3344 370 3404 cium
384 3347 419 3403 et
433 3341 614 3401 indenturae
630 3340 716 3400 inter
731 3360 785 3400 vos
802 3343 836 3399 et
851 3339 959 3418 ipsum
978 3338 999 3400 J
1000 3336 1161 3400 ohannem
1183 3340 1260 3400 inde
1275 3339 1426 3402 confectae

280 3439 409 3520 plenius
433 3436 581 3498 volumus
608 3434 743 3495 allocari.
799 3434 925 3496 Valete.
971 3434 1045 3495 Dat.
1075 3435 1160 3514 apud
1190 3432 1307 3516 Thorp’
1331 3434 1427 3518 juxta

280 3535 375 3596 Ebor.
390 3532 413 3613 ij
432 3531 538 3592 Kal’n.
553 3529 679 3606 Marcii,
694 3535 784 3610 pont.
801 3531 905 3591 nostri
921 3550 1006 3591 anno
1022 3529 1248 3591 sextodecimo.

107 3679 163 3738 (46)
345 3651 605 3727 Memorandum,
630 3650 714 3731 quod
741 3649 796 3733 viij
824 3651 872 3712 Id.
900 3651 1056 3728 Januarii,
1080 3670 1165 3712 anno
1189 3650 1321 3711 Domini
1351 3652 1426 3713 mil-

105 3737 247 3842 ffllgffi
280 3752 394 3814 lesimo
415 3753 502 3809 cccm⁰
524 3745 633 3827 xxxiij,
649 3751 683 3808 et
704 3746 910 3828 pontificatus
933 3747 1057 3810 domini
1079 3744 1156 3828 xvij,
1182 3746 1339 3827 scriptum
1361 3745 1426 3809 fuit

104 3830 222 3926 Adffl,
280 3846 445 3909 Willelmo
468 3844 509 3904 de
535 3840 663 3922 Thorp’,
688 3843 846 3923 receptori
870 3847 979 3904 nostro
1006 3841 1132 3923 Ripon’,
1157 3842 1197 3903 ad
1220 3840 1424 3904 liberandum

103 3940 247 4042 staff·
281 3941 422 4008 Johanni
446 3939 585 4022 parcario
608 3937 729 4000 domini
750 3939 872 4001 ibidem
887 3933 947 4000 xx²¹
963 3959 988 4001 s,
1003 3958 1061 4021 pro
1077 3937 1247 4019 stipendiis
1272 3938 1337 3998 suis
1363 3937 1425 4000 sibi

100 4014 211 4114 pl'rcl‘dl
280 4040 399 4103 debitis
413 4035 512 4119 hujus
527 4035 614 4111 anni,
629 4053 709 4116 quos
724 4035 874 4095 dominus
886 4034 958 4096 vult
969 4034 1030 4096 sibi
1042 4054 1100 4116 per
1108 4033 1327 4095 ostensionem
1343 4053 1425 4115 prae-

104 4115 197 4174 Rip‘m’'
280 4137 425 4200 sancium
441 4153 536 4214 super
551 4152 608 4194 suo
624 4136 771 4211 compoto
786 4129 923 4191 allocari.

343 4254 539 4331 Willelmus,
551 4256 613 4314 etc.
625 4251 754 4313 dilectis
767 4248 842 4310 filiis
858 4249 1000 4331 capitulo
1012 4248 1154 4311 ecclesiae
1169 4252 1286 4309 nostrae
1298 4247 1424 4329 Ripon’,

102 4305 231 4423 (alloicia
279 4353 427 4428 salutem,
442 4350 593 4434 graciam,
608 4353 643 4410 et
658 4346 930 4411 benediccionem.
972 4344 1054 4409 Cum
1069 4346 1174 4408 omnis
1190 4348 1224 4406 et
1240 4345 1424 4407 omnimoda

102 4421 193 4481 Arre·
696 4457 739 4527 (1)
759 4455 1005 4511 snoudunam.
