3074 5032
129 310 202 385 132
666 331 875 384 uuuomans
900 332 945 383 or
971 331 1090 382 error.

25 514 28 519 ’
127 511 251 556 thearch-
304 503 505 584 propositum
527 501 608 564 dicti
631 501 755 563 domini
778 501 883 563 David
907 502 942 562 in
966 501 1106 562 Domino
1132 501 1402 583 contemplantes,
1418 516 1455 564 ae

129 570 214 628 bishop

33 662 35 669 ‚
128 627 273 686 assignatus
304 598 450 660 volentes
466 617 504 659 ea
518 617 590 678 quae
612 597 653 659 ad
675 597 805 659 laudem
820 597 881 658 Dei
907 601 941 658 et
968 598 1018 658 sui
1044 596 1152 658 cultus
1178 604 1394 680 augmentum
1418 619 1455 660 ac

128 687 203 792 {23¹⁸
214 690 239 734 ‘⁰
305 694 386 756 dicti
401 691 573 774 hospitalis
588 693 832 767 relevationem,
848 696 883 754 et
905 691 1156 753 elemosinarum
1172 695 1456 775 supportacionem

182 779 188 792 ⁸
305 790 496 872 respiciunt,
505 791 651 870 paternis
664 789 833 850 affectibus
842 809 1040 869 promovere,
1051 787 1164 850 habita
1177 810 1273 870 super
1281 790 1455 870 praemissis

305 906 381 947 cum
392 885 608 968 juris-peritis
624 885 861 947 deliberacione
884 884 1032 965 pleniori,
1048 884 1088 946 de
1111 904 1270 946 consensu
1285 890 1320 946 et
1342 885 1457 947 volun-

305 987 374 1043 tate
390 981 516 1063 praefati
531 981 656 1042 domini
671 981 693 1044 J
693 979 840 1058 ohannis,
852 1000 939 1040 nunc
951 980 1104 1056 custodis,
1115 985 1149 1040 et
1158 981 1305 1041 omnium
1319 981 1457 1042 aliorum

306 1098 443 1159 quorum
458 1077 598 1138 interest
613 1078 647 1137 in
663 1074 724 1137 hoc
740 1095 826 1152 casu,
836 1075 1032 1153 ordinemne,
1043 1076 1230 1153 statuimus,
1240 1075 1456 1150 decernimus,

306 1180 342 1235 et
356 1174 546 1250 diffinimus,
570 1173 655 1254 quod
678 1172 829 1234 dominus
852 1169 1020 1233 Johannes
1043 1170 1085 1233 de
1109 1170 1229 1255 Brigg’,
1245 1193 1332 1233 nuno
1347 1175 1456 1232 custos

306 1267 477 1350 hospitalis
510 1268 668 1350 praedicti,
691 1273 840 1347 tempore
871 1287 934 1347 quo
965 1266 1092 1327 dictum
1115 1265 1275 1348 hospitale
1302 1267 1456 1343 tenuerit,

306 1363 425 1427 habeat
440 1369 474 1427 et
489 1365 651 1426 custodiat
666 1365 774 1424 omnia
787 1363 872 1424 bona
887 1367 922 1424 et
936 1362 1052 1424 catalla
1062 1364 1216 1445 praedicta
1227 1364 1262 1424 in
1276 1364 1456 1425 utilitatem

306 1480 488 1544 pauperum
519 1465 553 1522 et
583 1459 785 1520 infirmorum
815 1459 962 1540 ejusdem
988 1456 1185 1540 hospitalitis
1211 1456 1293 1544 (stc)
1318 1481 1355 1521 ac
1380 1479 1456 1541 sup-

305 1557 526 1638 portacionem
541 1576 676 1617 onerum
693 1556 800 1616 eidem
816 1553 1092 1632 incumbentium,
1102 1560 1141 1616 ut
1149 1555 1371 1636 praemittitur,
1383 1575 1457 1637 per-

305 1657 405 1734 petuo
428 1653 653 1728 convertenda,
668 1651 817 1732 quodque
840 1650 948 1711 dictus
969 1650 1118 1712 dominus
1146 1649 1311 1713 Johannes
1337 1656 1455 1726 eustos,

305 1749 573 1833 quandocumque
603 1749 728 1809 dictum
758 1744 918 1828 hospitale
944 1766 1002 1827 per
1031 1751 1170 1807 mortem
1196 1752 1254 1807 aut
1277 1747 1455 1808 cessionem

230 1869 234 1874 ·
306 1845 464 1927 ejusdem,
488 1849 546 1906 aut
568 1844 632 1906 alio
654 1844 750 1905 modo
765 1862 979 1923 quocumque,
1002 1862 1113 1920 vacare
1137 1843 1322 1926 contigerit,
1345 1843 1456 1904 omnia
1492 1897 1496 1902 .

305 1941 390 2003 bona
405 1946 440 2002 et
455 1941 571 2002 catalla
586 1940 750 2021 praedicta,
773 1938 826 2002 vel
842 1938 957 2000 saltem
980 1958 1093 2000 verum
1107 1940 1253 2019 precium
1268 1939 1457 2021 eorundem,

305 2037 470 2118 relinquat
487 2042 521 2099 et
535 2038 664 2119 integre
680 2035 829 2096 dimittat
844 2054 902 2095 suo
917 2035 1061 2114 proximo
1076 2034 1187 2096 futuro
1210 2037 1384 2097 successori
1398 2056 1457 2116 per

305 2133 513 2194 indenturam
528 2134 563 2193 in
579 2131 638 2193 hac
654 2136 745 2212 parte
768 2131 1011 2206 conficiendam,
1028 2135 1062 2192 et
1078 2132 1122 2192 sic
1136 2131 1196 2193 fiat
1217 2134 1257 2193 de
1275 2152 1454 2194 successore

305 2227 341 2289 in
357 2248 571 2289 successorem
594 2229 837 2309 inperpetuum,
853 2225 906 2304 ne,
922 2227 1008 2307 quod
1034 2226 1130 2305 absit,
1146 2228 1272 2289 dictum
1294 2226 1455 2309 hospitale

305 2344 363 2406 per
377 2324 536 2383 incuriam
551 2328 610 2384 aut
632 2323 872 2405 negligenciam
895 2322 1077 2400 custodum,
1093 2322 1185 2385 bonis
1209 2327 1243 2384 et
1268 2324 1392 2385 catallis
1408 2325 1455 2385 eis

305 2420 360 2501 pia
375 2418 522 2480 fidelium
538 2419 713 2480 devocione
729 2417 864 2494 collatis,
877 2417 963 2497 quod
973 2417 1068 2494 absit,
1079 2418 1119 2479 de
1130 2423 1246 2480 caetero
1258 2420 1455 2499 destruatur,

306 2514 358 2576 vel
387 2513 572 2595 aliqualiter
602 2514 822 2576 defraudetur.
877 2513 1037 2573 Volumus
1067 2514 1168 2574 eciam
1199 2515 1285 2595 quod
1315 2515 1455 2597 quilibet

305 2616 412 2672 custos
428 2611 462 2670 in
478 2610 674 2672 admissione
690 2630 748 2670 sua
758 2609 984 2691 juramentum
1000 2609 1042 2670 ad
1065 2613 1178 2670 sancta
1200 2610 1262 2670 Dei
1277 2611 1455 2695 Evangelia

305 2711 438 2788 praestet
462 2705 635 2787 corporale,
662 2705 748 2788 quod
773 2706 881 2766 omnia
907 2708 1063 2764 contenta
1086 2704 1122 2764 in
1145 2706 1298 2785 praesenti
1324 2706 1455 2768 decreto

305 2807 415 2865 nostro
441 2802 623 2864 observabit
658 2809 693 2863 et
719 2800 949 2862 inviolabiliter
975 2799 1094 2861 futuris
1119 2801 1320 2882 temporibus
1350 2803 1455 2865 adim-

304 2898 419 2982 plebit,
445 2898 532 2980 jure,
559 2897 799 2980 jurisdiocione,
829 2894 963 2972 honore,
1000 2896 1183 2980 privilegi0,
1214 2898 1389 2980 dignitate,
1419 2905 1456 2960 et

304 2994 456 3055 libertate
472 2995 639 3055 nostriset
655 2993 796 3055 ecclesiae
812 2997 929 3053 nostrae
938 2992 1099 3073 praedictae
1114 2994 1148 3052 in
1161 2993 1312 3055 omnibus
1328 3013 1455 3077 semper

306 3090 411 3153 salvis.
456 3092 497 3153 In
523 3110 661 3172 quorum
682 3090 828 3151 omnium
850 3088 1090 3163 testimonium,
1110 3085 1167 3150 has
1193 3088 1303 3160 literas
1329 3095 1454 3152 nostras
1489 3113 1495 3126 ¹

305 3192 455 3270 patentes
483 3187 582 3270 sigilli
606 3186 709 3247 nostri
739 3185 936 3266 appensione
962 3183 1097 3246 fecimus
1128 3186 1332 3246 communiri.
1378 3186 1453 3248 Dat.

305 3284 392 3365 apud
407 3281 514 3364 Thorp
526 3282 622 3365 juxta
636 3283 731 3344 Ebor.
742 3282 843 3342 tercio
858 3281 911 3342 die
921 3279 1041 3340 mensis
1051 3279 1209 3356 Januarii,
1220 3282 1313 3343 Anno
1322 3281 1454 3344 Domini

307 3379 483 3440 Millesimo
499 3384 586 3439 occm⁰
601 3377 666 3450 lxx,
682 3381 716 3437 et
730 3382 849 3437 nostrae
864 3374 1087 3436 translacionis
1103 3374 1228 3437 decimo
1243 3396 1337 3439 nono.

426 3613 617 3668 assisina
640 3612 687 3668 or
712 3614 799 3670 Aer.
825 3617 860 3668 Α.
886 3614 1065 3669 usuratu.
1102 3629 1158 3669 1.».
1178 3616 1345 3699 isra-iasa
1421 3601 1425 3608 '

129 3758 156 3818 (1
167 3757 202 3819 v.)
371 3745 560 3822 Alexander,
576 3745 786 3827 permissione
802 3747 913 3808 divina
935 3712 1031 3809 Ebor.
1047 3745 1314 3830 archiepiscopus,
1330 3751 1456 3833 Angliae

221 3819 234 3834 Π

126 3818 256 3924 33114·
302 3845 434 3928 primas,
450 3848 483 3904 et
505 3841 688 3923 apostolicae
716 3843 801 3904 sedis
824 3843 962 3927 legatus,
982 3843 1109 3905 dilectis
1133 3843 1212 3928 filiis
1232 3844 1381 3926 Capitulo
1404 3867 1456 3908 ec-

127 3960 268 4006 Mansatum
302 3943 408 4005 clesiae
424 3945 540 4002 nostrae
558 3938 719 4022 coligiatae
734 3939 900 4022 Ryponiae,
916 3939 1065 4016 salutem,
1081 3941 1234 4024 graciam,
1250 3946 1283 4003 et
1306 3941 1457 4007 benedic-

127 4020 279 4123 fflfflw‘
302 4041 439 4102 cionem.
485 4033 567 4098 Cum
599 4054 638 4095 ex
667 4036 763 4096 certis
793 4037 896 4096 causis
926 4055 984 4096 nos
1015 4037 1222 4097 moventibus
1252 4038 1456 4101 munimenta

127 4137 224 4205 aalma
303 4135 446 4196 ecclesiae
461 4132 623 4214 praedictae
638 4131 844 4212 praebendam
860 4132 900 4193 de
916 4130 1098 4193 Monketon
1117 4132 1153 4192 in
1170 4133 1282 4194 eadem
1299 4133 1455 4214 qualiter-

206 4195 212 4215 ‚

126 4195 271 4297 mitelli
302 4250 441 4311 cumque
470 4228 644 4312 tangentia
674 4228 861 4289 duxerimus
892 4228 1119 4310 perquirenda,
1146 4228 1237 4289 vobis
1264 4230 1455 4292 mandamus

126 4317 279 4428 mm}
303 4327 457 4405 quatinus
475 4326 584 4385 omnia
606 4325 746 4406 registra
769 4329 803 4385 et
824 4325 1031 4384 munimenta
1052 4323 1147 4385 dictae
1171 4323 1315 4385 ecclesiae
1332 4325 1455 4387 dictam

125 4428 250 4531 spadam
302 4418 508 4499 praebendam
523 4420 564 4481 de
579 4417 771 4481 Monketon’
786 4420 819 4479 in
835 4419 948 4481 eadem
963 4419 1242 4502 qualitercumque
1265 4417 1456 4504 (tangencia
