3074 5032
108 317 179 389 152
643 337 849 391 ncnonnns
876 337 920 388 or
945 336 1065 388 anon.
1091 373 1094 379 a

107 514 229 586 collegato
254 574 259 586 Ι
348 507 397 568 De
420 507 482 569 Dei
503 509 607 591 igitur
622 507 864 589 Omnipotentis
886 507 1045 567 immensa
1059 504 1278 567 misericordia
1293 502 1430 565 et'Beass

107 575 259 692 {iffff
281 603 415 665 tissimae
430 604 576 686 Virginis
591 604 704 666 Mariae
718 603 836 665 Matris
852 601 980 680 suae,.ac
993 601 1166 664 Beatorum
1176 601 1267 662 Petri
1282 604 1317 662 et
1332 599 1429 660 Pauli

282 699 508 780 Apostolorum
535 699 617 782 ejus,
642 720 769 761 necnon
800 704 984 760 sanctorum
1014 697 1233 759 confessorum
1258 695 1429 773 Willelmi,

282 793 451 873 Johannis,
486 800 521 858 et
550 796 703 873 Wilfridi,
740 800 949 877 patronorum
986 800 1180 872 nostrorum,
1217 794 1429 873 omniumque

283 890 475 953 Sanctorum
507 893 602 954 sacris
638 892 764 954 meritis
803 895 838 953 et
874 891 1024 972 precibus
1061 889 1272 968 confidentes,
1302 889 1430 949 cunctis

283 984 481 1049 Christicolis
504 1008 562 1068 per
584 992 727 1049 nostram
741 988 939 1068 provinciam
961 987 1057 1048 Ebor.
1073 985 1213 1048 ubilibet
1228 984 1430 1059 constitutis,

282 1087 317 1144 εὴ
341 1083 411 1144 aliis
432 1103 570 1165 quorum
590 1084 762 1145 dioecesani
789 1080 873 1144 hanc
894 1087 1038 1144 nostram
1060 1082 1304 1164 indulgenciam
1325 1083 1432 1140 ratam

282 1176 458 1241 habuerint
472 1181 593 1260 pariter
609 1185 643 1241 et
665 1184 842 1260 acceptam,
861 1179 901 1240 de
923 1179 1064 1261 peccatis
1087 1179 1153 1240 suis
1168 1197 1243 1239 vere
1266 1177 1431 1258 poeniten-

281 1277 381 1354 tibus,
406 1280 565 1355 contritis,
591 1284 624 1341 et
655 1279 819 1356 confessis
844 1279 901 1360 qui
930 1279 971 1340 ad
1000 1278 1250 1359 reparacionem,
1278 1275 1431 1338 emenda-

282 1374 419 1451 cionem,
447 1375 514 1435 sive
540 1395 656 1436 novam
682 1376 959 1436 construoeionem
985 1372 1115 1435 fabricae
1141 1372 1284 1434 ecclesiae
1310 1376 1430 1433 nostrae

282 1468 462 1550 collegiatae
476 1470 621 1551 praedict.
644 1471 776 1553 gloriosi
791 1470 981 1532 confessoris
996 1469 1140 1530 Wilfridi
1163 1469 1310 1550 Riponiae
1332 1467 1430 1528 dictae

108 1570 211 1673 414⁸),
283 1569 401 1626 nostrae
433 1567 589 1643 dioecesis,
619 1568 654 1627 in
683 1587 747 1648 qua
784 1566 856 1650 ejus
892 1565 1092 1628 venerabiles
1121 1565 1268 1647 reliquiae
1293 1562 1431 1625 honora*

109 1631 254 1735 ,fh§,f⁸lb⁰{¹1,
282 1660 394 1723 biliter
423 1662 584 1725 collocatae
613 1664 823 1745 requiescunt
857 1669 891 1725 et
920 1662 1090 1724 celebriter
1118 1665 1326 1736 venerantur,
1357 1679 1431 1741 quae

107 1747 190 1866 {lissofff
284 1758 417 1839 quidem
443 1758 587 1837 ecclesia,
613 1760 692 1820 licet
718 1760 880 1840 quondam
905 1779 963 1840 per
986 1757 1192 1842 magnificam
1223 1755 1430 1833 industriam,
1502 1800 1505 1806 -

108 1841 260 1937 Tneeluron
283 1853 529 1937 largifluamque
560 1860 592 1916 et
630 1856 828 1937 peramplam
863 1853 1124 1916 munificenciam
1155 1852 1302 1935 ejusdem
1340 1870 1432 1911 sanc-

107 1952 260 2056 Wuilld
283 1951 402 2011 tissimi
440 1950 641 2028 confessoris,
678 1951 880 2033 aliorumque
910 1955 997 2012 retro
1030 1948 1223 2031 pontificum
1252 1947 1432 2029 praedeces·

108 2024 243 2114 ogheqqfan
284 2066 393 2107 sorum
422 2052 606 2108 nostrorum
643 2046 779 2108 mirifico
809 2046 950 2127 quodam
979 2045 1100 2127 lapidei
1131 2045 1236 2126 operis
1267 2042 1430 2120 tabulatu,

108 2142 150 2172 ‘'¹'‘
162 2129 242 2185 prede.
283 2161 409 2202 necnon
425 2145 574 2223 speciosae
597 2143 830 2224 pulcritudinis
853 2143 973 2205 fabrica
996 2149 1031 2204 et
1053 2147 1170 2204 ornatu
1186 2145 1292 2202 erecta
1307 2145 1341 2200 et
1356 2159 1433 2200 con-

109 2200 205 2232 cessores
284 2243 417 2314 structa,
442 2239 642 2322 notabilique
674 2243 708 2300 et
736 2238 914 2320 multiplici
938 2260 974 2300 ao
1005 2239 1084 2301 satis
1111 2237 1249 2299 honesta
1274 2236 1432 2298 varietate

108 2445 228 2502 Butam,
282 2435 389 2491 corata
410 2429 538 2508 fuisset,
560 2429 625 2491 hiis
648 2436 759 2491 tamen
783 2432 902 2493 nostris
925 2432 1089 2493 modernis
1104 2429 1318 2512 temporibus,
1341 2429 1429 2510 quod

108 2505 250 2621 2¹32,ng
283 2525 431 2587 dolenter
467 2526 647 2602 referimus,
685 2527 807 2588 mundo
845 2547 973 2608 semper
1003 2528 1037 2587 in
1070 2527 1232 2588 deteriora
1261 2529 1430 2607 vergente,

108 2623 243 2726 {psgqffio
283 2621 405 2707 nedum
420 2620 462 2682 ob
484 2620 631 2703 ejusdem
654 2621 781 2683 fabricae
803 2623 939 2684 nimiam
962 2627 1172 2700 vetustatem,
1191 2642 1304 2684 verum
1328 2621 1430 2682 eciam

110 2696 151 2797 „lg
161 2695 192 2784 1⁵⁰
192 2695 243 2784 ln}
283 2722 414 2799 propter
437 2718 652 2799 quorumdam
673 2718 714 2779 ad
737 2738 874 2800 quorum
898 2720 1102 2801 supervisum
1117 2740 1168 2781 res
1191 2720 1261 2800 ipsa
1285 2722 1430 2798 spectare

108 2812 260 2903 ffldnseffie·
283 2813 459 2894 putabatur
487 2814 646 2876 desidiam
675 2820 710 2876 et
741 2816 912 2894 incuriam,
942 2817 1023 2896 quin
1053 2836 1163 2898 ymmo
1194 2816 1234 2877 ob
1264 2814 1431 2876 defectum

282 2910 497 2990 reparacionis
520 2912 735 2973 accommodae
761 2912 964 2993 temporibus
987 2923 1146 2994 oportune
1172 2911 1298 2989 fiendae,
1314 2908 1432 2992 proch-

284 3006 384 3084 dolor,
408 3007 463 3068 sed
493 3007 646 3071 neclectae
673 3013 708 3071 et
736 3006 894 3072 hactenus
921 3010 1155 3092 praetermissae,
1183 3009 1270 3070 dicta
1296 3007 1432 3069 ecclesia

282 3104 405 3165 nedum
419 3105 455 3165 in
477 3104 547 3185 ipso
563 3125 658 3186 opere
681 3104 808 3186 lapideo
823 3127 935 3168 verum
951 3107 1054 3167 eciam
1076 3106 1232 3167 meremio
1248 3109 1283 3166 et
1302 3108 1431 3165 tectura

110 3216 206 3287 Fearlul
284 3200 478 3262 mirabiliter
493 3205 543 3262 est
565 3205 725 3282 corrupta,
741 3204 775 3261 et
796 3205 923 3263 tantam
944 3207 1078 3284 tamque
1101 3201 1283 3263 terribilem
1301 3201 1430 3261 ruinam

108 3290 221 3393 {¹22¹}ssss
285 3297 431 3378 quotidie
446 3297 579 3357 minitat
595 3302 629 3358 et
651 3297 805 3373 minatur,
826 3297 912 3378 quod
934 3298 1037 3380 ipsius
1054 3298 1197 3360 ecclesiae
1219 3297 1379 3358 ministris
1396 3299 1431 3357 et

284 3391 492 3472 popularibus
521 3391 562 3452 ad
599 3392 703 3452 divini
732 3391 839 3452 cultus
877 3392 1069 3473 obsequium
1106 3393 1356 3475 persolvendum
1395 3396 1429 3453 et

284 3486 441 3547 orandum
467 3485 569 3546 donec
583 3485 684 3546 fuerit
706 3485 889 3563 emendata,
904 3486 1024 3568 absque
1048 3494 1136 3549 certo
1151 3488 1265 3548 mortis
1284 3486 1429 3568 periculo

107 3599 251 3646 rnediviue
283 3581 319 3640 in
333 3580 437 3661 ipsam
453 3579 566 3640 solitus
582 3583 617 3640 et
639 3583 812 3640 consuetus
834 3581 988 3642 introitus
1003 3602 1068 3642 non
1090 3583 1229 3665 patebit,
1244 3582 1280 3641 in
1295 3585 1428 3640 tantum

107 3659 257 3775 ξῗζξθρξῗθ
284 3677 369 3758 quod
394 3675 504 3736 divina
529 3673 632 3735 officia
661 3694 733 3755 quae
760 3695 887 3755 semper
916 3676 1104 3739 inconcusse
1127 3698 1147 3739 a
1175 3677 1329 3758 primaeva
1358 3672 1429 3754 ejus

110 3778 202 3822 formed
212 3775 260 3821 ina
284 3771 525 3834 construccione
545 3771 580 3830 in
595 3769 729 3831 ecclesia
744 3769 913 3853 collegiata
935 3769 1022 3834 horis
1037 3772 1297 3855 competentibus
1312 3769 1428 3830 diebus

108 3835 261 3955 lssfflissapel
285 3868 422 3952 singulis
453 3887 528 3928 cunr
566 3865 726 3948 exquisita
762 3866 967 3930 observancia
1003 3871 1157 3931 continue
1195 3868 1430 3929 consueverant

284 3966 448 4042 celebrari,
460 3963 530 4047 jam
544 3984 642 4042 nunc,
654 3963 739 4044 quod
754 3983 820 4024 non
834 3963 975 4028 libenter
990 3968 1174 4044 recitamus,
1187 3970 1277 4028 extra
1293 3963 1430 4026 eandem

285 4063 464 4139 ecclesiam,
476 4060 669 4121 necessitate
685 4058 862 4120 excusabili
877 4069 1087 4144 perurgente,
1098 4063 1134 4123 in
1150 4063 1290 4144 quadarn
1305 4060 1432 4121 modica

285 4163 391 4223 vicina
419 4156 562 4239 capella,¹
594 4155 714 4237 absque
746 4154 840 4216 solita
870 4161 905 4218 et
941 4163 1096 4219 consueta
1134 4157 1364 4238 solempnitate
1395 4156 1431 4215 in

109 4281 253 4330 Pariorum
284 4275 404 4340 magna
430 4254 492 4315 loci
519 4251 671 4335 angustia
701 4250 858 4313 celebrari
887 4258 1082 4316 coartantur.
1127 4255 1182 4331 Et,
1205 4258 1323 4335 praeter
1353 4249 1434 4328 haec,

339 4393 381 4461 (l)
400 4388 538 4460 Probably
561 4389 608 4441 the
626 4386 735 4441 ancient
758 4387 853 4458 chapel
873 4387 904 4441 of
925 4406 975 4442 our
993 4389 1081 4460 Lady,
1099 4388 1253 4444 mentioned
1266 4389 1303 4457 by
1321 4382 1432 4440 Leland.

285 4472 334 4525 See
348 4470 440 4535 above,
452 4468 505 4521 vol.
519 4468 536 4522 i.
549 4486 592 4538 pp.
606 4468 650 4534 83,
662 4467 706 4520 84.
