3074 5032
643 327 852 382 MEMORIALS
879 328 922 383 ΟΕ
949 329 1069 383 RIPON.

282 501 419 586 pecunia
433 520 453 562 a
467 499 597 563 domino
620 499 746 583 Rogero
768 499 809 562 de
824 499 952 561 Malton
974 519 1078 581 nuper
1101 498 1163 562 sibi
1185 499 1328 580 dimissa,
1344 506 1433 566 emet

283 599 530 661 advocacionem
567 596 705 678 alicujus
735 595 889 674 ecclesiae,
919 616 1016 677 quam
1046 596 1119 658 vult
1155 597 1242 658 dieto
1279 595 1433 679 hospitali

284 695 487 776 appropriare
525 696 692 774 perpetuo,
723 696 757 753 et
793 691 880 772 quod
910 692 1066 774 magister
1095 690 1264 774 hospitalis
1294 695 1351 776 qui
1373 715 1432 776 pro

283 793 430 872 tempore
445 788 545 850 fuerit
561 789 604 850 sit
619 787 790 849 canonicus
806 787 950 849 residens
965 789 1001 848 in
1016 788 1151 850 ecclesia
1165 789 1290 872 Rypon.

108 1005 164 1065 (93)
349 982 494 1060 Noverit,
521 986 582 1043 etc.
603 981 688 1062 quod
714 1001 772 1042 nos
795 977 992 1065 J(0hannes)
1015 981 1234 1061 permissione,
1257 987 1320 1044 etc.
1342 1003 1432 1045 rece·

17 1080 20 1085 '
107 1064 236 1169 ffi'ffgl'
283 1079 391 1160 pimus
407 1074 426 1138 a
442 1078 583 1139 Roberto
599 1077 639 1138 de
656 1077 756 1158 Percy
769 1077 795 1137 1²
809 1097 931 1138 marcas
947 1076 1093 1160 sterling.
1109 1077 1144 1137 in
1160 1098 1237 1139 usus
1260 1074 1432 1160 hospitalis

110 1156 236 1251 0νάῑῶ
283 1175 393 1237 Beatae
416 1175 527 1235 Mariae
546 1173 748 1254 Magdalenae
769 1173 884 1254 Rypon
910 1172 1153 1250 convertendae,
1176 1173 1320 1235 volentes
1344 1177 1430 1256 quod

105 1271 249 1322 ''⁴1⁹³qu
283 1271 370 1332 idem
386 1269 547 1331 Robertus
562 1269 597 1329 in
612 1267 765 1349 hospitali
779 1273 924 1330 moretur
946 1269 1108 1350 praedicto,
1125 1274 1157 1330 et
1174 1270 1259 1350 quod
1275 1271 1431 1353 magister

106 1323 239 1369 Robaertidc
367 1367 373 1379 ,
427 1366 433 1378 ,
490 1363 496 1376 .
947 1365 952 1377 .
1231 1366 1237 1379 .
1302 1366 1308 1379 .
1405 1367 1411 1380 .

106 1383 190 1441 percy,
202 1384 226 1426 a
282 1364 451 1446 hosprtahs
468 1363 615 1446 ejusdem
630 1384 705 1424 cum
721 1383 860 1444 praesens
871 1362 972 1425 fuerit
988 1385 1063 1425 eum
1077 1361 1212 1426 honeste
1228 1386 1263 1426 1n
1279 1367 1431 1427 victuah-

104 1440 225 1544 ffllal
282 1462 343 1523 bus
370 1459 523 1523 exhibeat
538 1465 576 1522 ut
603 1460 757 1540 seipsum,
773 1463 808 1520 et
829 1460 864 1520 in
887 1460 1037 1522 absencia
1060 1465 1099 1521 ut
1125 1461 1319 1542 presbiteros
1345 1462 1430 1525 inibi

105 1558 192 1662 ff}
282 1563 528 1619 commorantes
574 1555 700 1617 Habeat
717 1556 816 1616 etiam
833 1555 920 1617 idem
941 1556 1102 1618 Robertus
1117 1577 1222 1619 unum
1242 1558 1429 1641 garcionem

104 1632 196 1734 niis
283 1655 479 1716 servientem
504 1652 621 1727 eidem,
648 1651 704 1732 qui
730 1652 765 1710 in
793 1650 864 1712 cibo
889 1656 924 1712 et
949 1657 1030 1733 potu
1055 1650 1247 1714 exhibeatur
1272 1658 1312 1714 ut
1341 1675 1428 1716 unus

104 1736 224 1782 moraturt
280 1750 468 1832 garcionum
489 1747 649 1830 magistri,
666 1750 700 1807 et
722 1747 806 1807 circa
828 1746 1009 1808 utilitatem
1032 1747 1146 1808 domus
1168 1769 1244 1810 cum
1260 1750 1322 1811 sibi
1337 1771 1428 1813 vaca-

281 1848 365 1907 verit
380 1844 554 1926 diligenter
569 1843 703 1904 laboret.
749 1842 816 1903 Nos
838 1847 948 1903 autem
971 1843 1103 1924 praefato
1126 1843 1267 1906 ltoberto
1288 1867 1346 1928 pro
1369 1867 1427 1908 suo

280 1942 372 2003 nobis
389 1945 423 2002 et
439 1939 581 2001 ecclesiae
596 1944 715 1999 nostrae
737 1938 882 2018 impenso
898 1939 1051 2020 obsequio
1072 1941 1229 2021 quamdiu
1251 1941 1427 2004 vixerimus

279 2038 372 2098 annis
403 2036 480 2097 dare
511 2035 732 2116 promittimus
771 2034 908 2121 singulis
946 2056 1047 2097 unam
1084 2036 1208 2113 robam,
1240 2037 1426 2099 ordinantes

280 2132 377 2214 quod,
393 2131 485 2192 nobis
501 2130 744 2206 decedentibus,
765 2132 921 2212 magister
936 2129 1104 2212 hospitalis
1127 2132 1273 2214 praedicti
1289 2134 1346 2214 qui
1367 2154 1427 2215 pro

279 2231 425 2311 'tempore
440 2226 541 2289 fuerit
567 2247 666 2289 unam
688 2227 798 2289 robam
826 2228 887 2289 sibi
903 2229 996 2289 annis
1019 2228 1163 2290 conferat
1188 2230 1325 2313 singulis
1340 2251 1428 2292 com-

278 2330 459 2407 petentem.
504 2324 544 2385 1n
571 2323 664 2406 eujus
688 2325 734 2384 rei
759 2325 986 2386 testimonium
1011 2325 1155 2407 sigillum
1181 2332 1340 2405 nostrum,
1363 2332 1427 2390 etc.

279 2422 401 2484 Datum
416 2421 503 2502 apud
519 2420 642 2496 Cawod,
657 2417 709 2500 xvj
728 2419 800 2480 Kal.
817 2419 838 2481 J
840 2420 884 2482 ul.
900 2421 993 2482 Anno
1008 2422 1122 2504 graciae
1138 2425 1200 2482 etc.
1216 2423 1427 2504 nonagesimo

277 2523 402 2600 quarto,
419 2520 452 2578 et
467 2516 675 2597 pontificatus
690 2516 793 2576 nostri
807 2516 864 2576 ix0.

346 2612 505 2675 Scribitur
535 2612 691 2694 magistro
720 2608 889 2692 hospitalis
919 2612 1004 2693 quod
1034 2613 1160 2674 dictum
1186 2612 1367 2675 Robertum
1391 2615 1426 2677 in

278 2709 381 2770 forma
395 2707 549 2790 praedicta
564 2704 717 2768 exhibeat
732 2710 765 2767 et
781 2706 946 2769 admittat.

345 2886 544 2972 J(ohannes)
559 2889 780 2972 permissione,
797 2894 858 2952 etc.
875 2889 994 2953 dilecto
1010 2897 1045 2953 et
1059 2891 1149 2955 fideli
1164 2896 1274 2954 nostro
1290 2894 1427 2978 Hugoni

131 2986 156 3017 ⁰·
280 2988 321 3050 de
337 2987 519 3062 Rossedale‚
536 2985 685 3063 salutem,
700 2987 853 3069 graciam,
866 2992 901 3048 et
915 2987 1185 3051 benedictionem.
1232 2988 1282 3052 Ob
1297 2990 1427 3053 diutina

132 3105 165 3136 ar.
194 3065 214 3136 ⁰·
280 3090 314 3146 et
328 3083 484 3145 laboriosa
499 3082 591 3143 nobis
606 3085 642 3142 et
657 3081 798 3142 ecelesiae
814 3087 930 3145 nostrae
945 3083 1091 3165 impensa
1106 3085 1258 3166 obsequia
1280 3089 1315 3147 te
1333 3091 1427 3169 grato

104 3189 139 3278 „5⁰
151 3175 199 3277 usi
279 3184 313 3241 et
333 3179 408 3241 utili
431 3178 579 3259 prosequi
595 3177 740 3239 volentes
755 3177 886 3254 affectu,
902 3179 964 3240 tibi
979 3180 1103 3240 victum
1119 3185 1153 3242 et
1168 3182 1326 3242 vestitum
1340 3202 1427 3244 eom·

105 3293 203 3361 aava·
280 3279 429 3357 petentes
459 3271 671 3354 inhospitali
698 3272 823 3335 Sanctae
849 3274 962 3335 Mariae
986 3274 1189 3358 Magdalenae
1220 3277 1345 3359 Rypon’
1368 3297 1425 3359 per

128 3365 252 3453 gum,-
280 3373 473 3454 magistrum
503 3367 671 3450 hospitalis
693 3369 842 3451 ejusdem
865 3370 922 3451 qui
946 3391 1005 3452 pro
1031 3377 1177 3455 tempore
1199 3372 1301 3435 fuerit
1324 3374 1427 3454 perci-

105 3467 149 3536 2'22,
170 3481 195 3510 ⁰³
216 3468 231 3501 '·
281 3467 427 3548 piendos,
442 3465 596 3546 quatinus
611 3468 646 3525 et
661 3466 812 3545 quociens
828 3465 944 3547 aliquis
957 3467 991 3527 in
1007 3467 1094 3529 dicto
1109 3466 1261 3551 hospitali
1276 3473 1426 3550 receptus

136 3539 208 3629 imm
282 3561 405 3623 solebat
420 3564 455 3622 et
469 3559 607 3621 debebat
616 3561 781 3641 percipere
796 3563 979 3640 annuatim,
992 3583 1030 3624 ex
1045 3585 1131 3627 nunc
1145 3572 1204 3627 tuo
1212 3571 1369 3649 perpetuo
1384 3566 1425 3628 de

182 3676 199 3747 ἰ
280 3675 432 3718 concessu
454 3655 567 3716 decani
590 3660 625 3716 et
639 3655 775 3736 capituli
790 3659 893 3719 nostri
911 3658 1106 3721 conferimus
1122 3666 1156 3722 et
1171 3661 1337 3725 donamus.
1383 3663 1425 3725 In

280 3751 374 3836 cujus
397 3752 445 3813 rei
468 3751 693 3812 testimonium
715 3757 864 3815 nostrum
884 3761 918 3817 et
935 3757 1037 3838 ipsius
1059 3757 1194 3838 capituli
1216 3758 1322 3842 sigilla
1343 3780 1426 3841 prae-

281 3848 429 3911 sentibus
445 3850 522 3908 sunt
537 3867 687 3928 appensa.
733 3849 808 3912 Dat.
824 3852 911 3933 apud
926 3852 1063 3928 Burton,
1074 3851 1105 3933 vj
1123 3852 1174 3915 Id.
1190 3853 1316 3931 Marcii,
1330 3855 1425 3918 Anno

279 3946 395 4030 graciae
410 3944 507 4005 M⁰cc.
523 3944 733 4025 nonagesimo
748 3952 873 4028 quarto,
889 3953 923 4010 et
937 3946 1145 4030 pontificatus
1160 3954 1204 4010 x0.

347 4040 506 4104 Scribitur
516 4040 672 4123 magistro
683 4039 853 4122 hospitalis
863 4044 1009 4124 praedieti
1017 4043 1104 4126 quod
1113 4044 1239 4105 dictum
1250 4045 1425 4128 Hugonem

279 4140 313 4202 in
331 4140 421 4202 victu
437 4143 471 4199 et
486 4137 609 4198 vestitu
625 4138 710 4197 sicut
725 4138 872 4218 quemvis
888 4138 990 4200 alium
1004 4139 1156 4201 exhibeat
1171 4145 1402 4221 competenter.

346 4330 595 4389 Memorandum
620 4325 706 4406 quod
730 4326 980 4408 degradaciones
1002 4329 1214 4392 clericorum¹
1248 4351 1343 4414 super
1364 4333 1426 4394 cri·

527 4444 571 4512 (1)
591 4442 832 4497 ‘incarceratorum
845 4446 1025 4516 Rypon.'-in
1037 4450 1162 4519 margine.
