3068 5024
664 306 871 360 MEMORIALS
897 306 941 359 OF
967 306 1087 359 RIPON.

301 480 408 541 lorum
422 498 560 561 qnorum
575 479 724 553 interest,
739 497 796 558 per
810 496 868 537 nos
890 476 1076 558 acceptatis,
1096 476 1281 558 vocatisque
1304 478 1340 538 in
1355 476 1458 540 forma

296 575 381 657 juris
397 575 547 636 omnibus
563 593 701 657 quorum
716 573 864 648 interest,
880 576 915 633 11
930 591 1008 652 quos
1024 572 1198 653 negocium
1214 573 1390 655 contingit,
1399 575 1457 654 qni

301 673 337 732 in
360 668 421 732 hoc
444 690 519 731 casu
541 669 583 730 de
603 667 679 749 jure
702 688 760 729 seu
782 667 1017 729 consuetudine
1043 664 1166 727 fuerint
1193 667 1358 743 evocandi,
1382 688 1456 729 con·

302 764 507 827 currentibus
537 765 639 826 eciam
669 763 820 826 omnibus
851 766 885 824 et
916 761 1053 844 singulis
1076 759 1160 842 juris
1191 763 1390 844 solempniis,
1421 769 1456 825 11

127 886 260 944 megrana
300 861 447 923 articulis
469 860 658 922 necessariis
681 861 716 920 11
742 857 802 920 hac
824 861 917 940 parte
940 857 1116 939 requisitis,
1139 858 1288 920 invocata
1313 858 1454 940 Spiritus

127 945 278 1061 ffispffi,
302 956 413 1019 Sancti
427 957 542 1039 gracia,
552 954 753 1017 'auctoritate
768 959 878 1016 nostra
893 953 1064 1030 ordinaria,
1077 951 1118 1014 de
1130 972 1291 1015 consensu
1306 974 1455 1036 expresso

60 1092 61 1095 ¹
126 1062 199 1119 being
208 1060 246 1104 in-
302 1052 463 1114 dictorum
479 1049 1453 1131 11111111111111Ρ111111111111,1111111111,1111111111,

127 1119 258 1235 ,νέξὲζο
302 1151 337 1209 11
351 1148 567 1224 decernimus,
582 1167 619 1208 ac
635 1147 737 1208 eciam
752 1146 931 1207 diffinimus
946 1145 1098 1227 praesenti
1113 1148 1223 1207 nostra
1237 1145 1454 1224 ordinacione,

127 1249 213 1340 affl
231 1296 256 1341 to
301 1244 536 1305 constitucione
551 1242 603 1303 vel
620 1245 743 1303 statuto
758 1241 1001 1322 imperpetuum
1015 1239 1164 1317 valituro,
1180 1240 1265 1320 quod
1287 1242 1453 1322 porciones

126 1308 221 1411 reside,g
301 1337 515 1418 infrascriptae
530 1337 682 1417 deinceps
698 1338 859 1399 canonicis
868 1337 904 1397 in
915 1336 1003 1397 11111
1013 1335 1147 1397 ecclesia
1155 1340 1265 1398 nostra
1275 1335 1454 1417 Riponensi

301 1433 440 1494 residere
456 1432 652 1508 volentibus,
668 1437 792 1494 etcum
807 1430 928 1494 effectu
949 1430 1177 1506 residentibus,
1193 1434 1228 1492 et
1242 1431 1346 1511 ipsam
1362 1452 1453 1494 suam

299 1529 521 1605 residenciam,
531 1529 566 1589 in
581 1526 684 1589 forma
699 1528 878 1610 subscripta
890 1526 1137 1608 complentibus,
1149 1526 1276 1609 integre
1285 1527 1453 1610 assignen-

304 1628 369 1702 tur,
385 1645 465 1706 quos
481 1625 527 1685 eis
543 1625 646 1685 eciam
661 1624 872 1706 assignamus.

69 1784 71 1788 Α
126 1746 213 1803 nanus,
366 1719 539 1798 Videlicet,
549 1724 652 1797 terrae,
661 1725 765 1801 prata,
774 1719 932 1797 redditus,
944 1722 979 1781 et
995 1718 1128 1780 servicia
1143 1738 1218 1780 cum
1228 1719 1451 1800 pertinenciis,

126 1806 276 1909 ξξξῆᾗᾶθὲζᾶ
301 1815 434 1876 decimae
450 1814 619 1898 garbarum
635 1819 669 1876 11
683 1815 762 1876 foeni
777 1816 818 1876 de
833 1815 921 1877 Nidd
937 1819 971 1876 et
987 1813 1192 1896 Granteleye,
1207 1835 1283 1876 cum
1297 1816 1451 1896 pensione

127 1921 252 1981 Granuey,
301 1932 343 1971 xx
359 1911 415 1974 sol.
432 1910 541 1972 debita
564 1931 622 1992 per
646 1912 800 1972 vicarium
823 1910 863 1972 de
890 1911 990 1988 Nidd,
1005 1916 1041 1972 et
1062 1909 1247 1992 jurisdiccio
1273 1910 1450 1991 spiritualis

128 1982 258 2097 {lgffllffie'
302 2027 377 2068 cum
392 2007 532 2089 proficuo
547 2006 705 2088 ejusdem,
721 2027 792 2087 quae
809 2007 945 2090 singulis
962 2007 1121 2086 annisper
1136 2005 1450 2087 aequalespcrciones

129 2098 244 2202 wdrillof
302 2102 404 2163 dividi
419 2106 649 2163 consueverant
664 2103 751 2163 inter
773 2103 1006 2182 praebendarios
1030 2101 1238 2183 supradictos.
1283 2102 1327 2162 Et
1341 2105 1450 2163 totum

128 2170 212 2272 iipon,
302 2199 435 2278 insuper
448 2198 644 2280 altaragium
666 2198 771 2259 tocius
794 2199 953 2260 libertatis
970 2203 1004 2260 11
1027 2195 1183 2278 parochiae
1199 2196 1293 2258 dictae
1309 2196 1451 2259 ecclesiae

127 2273 188 2317 with
198 2286 261 2318 11111

128 2333 273 2390 exceptans.
303 2297 420 2354 nostrae
437 2293 642 2373 Riponensis,
658 2313 859 2379 quocumque
874 2294 1006 2355 nomine
1022 2297 1201 2371 censeatur,
1217 2293 1452 2373 exceptisdun·

303 2393 392 2450 taxat
407 2389 543 2450 decimis
570 2388 651 2450 11111
673 2409 841 2471 agnorum,
856 2393 923 2450 tam
946 2389 981 2450 in
998 2390 1102 2472 specie
1129 2408 1226 2470 quam
1249 2389 1286 2449 in
1311 2388 1452 2450 denariis

302 2486 407 2545 tocius
416 2483 575 2565 parochiae
585 2489 770 2546 memoratae
783 2505 854 2566 quae
865 2484 1000 2567 singulis
1011 2483 1239 2567 praebendariis
1254 2489 1451 2563 remaneant,

303 2580 387 2640 sicut
417 2581 517 2661 prius,
548 2580 643 2641 salvis
667 2581 769 2641 eciam
801 2584 835 2642 et
858 2581 1000 2661 exceptis
1027 2577 1245 2661 praebendario
1270 2578 1450 2660 praebendee

302 2674 342 2735 de
373 2674 554 2737 Monketon
592 2696 664 2756 quae
694 2676 782 2737 idem
811 2676 1051 2757 praebendarius
1080 2675 1245 2756 percipere
1279 2676 1449 2737 consuevit

301 2771 427 2832 racione
443 2771 597 2832 custodiae
613 2770 707 2832 dictae
723 2771 864 2833 ecclesiae
879 2769 1098 2849 thesaurariae,
1114 2774 1149 2832 11
1163 2769 1299 2832 aliorum
1314 2790 1449 2833 onerum

304 2865 365 2928 sibi
380 2866 644 2928 incumbencium
660 2867 700 2929 ab
715 2868 859 2949 antiquo.

128 2982 250 3028 uheeom.
370 2959 564 3022 Ordinamus
580 2962 694 3038 eciam,
708 2963 794 3043 quod
817 2962 926 3024 omnia
941 2965 975 3023 11
1002 2960 1132 3045 singula
1154 2960 1195 3021 ad
1218 2959 1339 3022 dictam
1361 2980 1449 3022 com-

127 3041 253 3146 ffi‘efund
302 3075 436 3117 munam
459 3057 660 3137 pertinencia
677 3058 743 3118 sint
758 3056 799 3119 ab
815 3058 904 3119 omni
926 3058 1137 3138 praestacione
1160 3056 1305 3133 decimae,
1321 3060 1355 3118 et
1376 3057 1449 3118 aliis

128 3159 254 3205 titre-free.
302 3152 452 3213 oneribus
468 3153 727 3236 quibuscunque,
740 3155 882 3235 exceptis
897 3152 961 3213 hiis
971 3173 1043 3234 quae
1052 3153 1211 3214 ministris
1223 3152 1450 3215 ecclesiaecon-

302 3253 473 3310 sueverant
495 3250 662 3332 assignari,
677 3249 779 3312 libera
801 3253 835 3310 et
857 3249 1036 3323 immunia3
1060 3247 1184 3310 scilicet
1207 3267 1244 3308 ea
1266 3249 1374 3309 omnia
1389 3249 1449 3312 sub

300 3345 467 3405 1111111111
483 3345 685 3427 singularum
699 3345 944 3426 praebendarum
958 3349 1148 3406 remaneant
1165 3344 1250 3405 11111
1265 3343 1366 3424 prius.
1405 3388 1408 3394 ι

128 3465 242 3510 neser-va
368 3439 580 3501 Reservamus
597 3441 697 3500 eciam
712 3440 805 3501 nobis
821 3444 855 3502 et
870 3440 1105 3502 successoribus
1120 3440 1238 3500 nostris
1252 3443 1450 3520 potestatem

127 3523 213 3569 nonin
300 3535 483 3614 porcionem
498 3554 595 3615 quam
610 3534 717 3596 dictus
738 3535 976 3616 praebendarius
998 3536 1038 3597 11
1053 3534 1234 3597 Monketon
1255 3535 1393 3617 percipit
1416 3541 1451 3598 11

127 3582 212 3626 favour
221 3580 248 3625 of

127 3641 235 3757 qqqpqley
243 3698 269 3744 of
301 3630 458 3711 agnoscit,
474 3634 508 3691 11
521 3631 686 3711 percipere
701 3651 737 3692 ac
752 3653 925 3714 agnoscere
941 3631 1153 3709 consueverit,
1173 3631 1299 3692 racione
1314 3650 1450 3694 onerum

127 3757 252 3803 Monkan.
300 3725 527 3806 praedictorum
546 3726 618 3803 sibi,
633 3732 673 3789 11
695 3728 891 3808 praedicitur,
906 3727 1170 3790 incumbeneium
1194 3726 1230 3787 in
1254 3746 1291 3788 eo
1317 3733 1450 3804 eventu,

301 3842 376 3883 cum
390 3822 483 3884 nobis
499 3843 557 3884 seu
580 3824 814 3886 successoribus
836 3824 954 3886 nostris
977 3825 1125 3907 legitime
1148 3823 1332 3884 constiterit
1345 3823 1449 3905 ipsam

301 3937 370 3980 esse
395 3938 461 3979 non
488 3918 703 3980 sufficientem
728 3939 785 4001 pro
809 3919 905 3981 dictis
928 3919 1080 3981 oneribus
1105 3917 1344 4000 supportandis,
1366 3938 1448 4002 aug-

300 4013 480 4076 mentandi.

126 4128 208 4196 vicere
218 4131 243 4174 to
367 4109 561 4173 Ordinamus
575 4111 719 4194 insuper,
734 4111 820 4193 quod
836 4113 949 4174 salaria
964 4116 999 4174 et
1022 4109 1185 4193 stipendia
1200 4109 1392 4171 vicariorum
1415 4114 1450 4171 et

127 4187 155 4232 ¹³³
165 4188 220 4244 ΡΜ
235 4188 277 4232 0111
300 4206 435 4268 aliorum
450 4207 672 4269 ministrorum
688 4208 829 4269 ecclesiae
844 4209 1016 4289 praedictae,
1033 4205 1171 4290 singulis
1186 4207 1290 4283 annis,
1306 4205 1346 4267 de
1362 4225 1449 4267 com-

128 4246 155 4290 11
164 4247 204 4290 the
215 4259 277 4291 com·

44 4335 47 4342 ·
126 4304 265 4408 3231}ng
301 4321 401 4362 11111
423 4302 598 4379 solvantur,
615 4307 650 4364 et
664 4303 749 4385 quod
772 4303 915 4366 canonici
932 4303 1112 4366 residentes
1127 4300 1291 4364 resideant
1313 4301 1449 4383 singulis

127 4422 172 4467 ries
183 4424 208 4467 to
219 4435 254 4467 re·
300 4396 394 4457 annis
431 4418 488 4479 per
517 4398 559 4480 xij
589 4399 794 4480 septimanas,
824 4400 978 4461 continue
1008 4398 1061 4462 vel
1090 4397 1323 4478 interpolatim,
1351 4400 1449 4479 prout
