3074 5032
665 320 872 394 1111011116
899 341 943 393 01
968 341 1088 393 anon.

296 510 386 572 vobis
409 510 580 572 commisso
600 531 637 571 60
659 515 805 590 tempore
828 530 892 590 quo
914 511 1063 572 divinum
1086 511 1259 573 servicium
1277 516 1453 594 vestraque

296 607 485 687 praedicaoio
514 611 573 668 aut
602 626 714 668 eorum
741 627 821 686 quos
848 606 884 668 in
907 626 945 668 ea
966 614 1058 688 parte
1082 607 1239 688 deputare
1269 607 1454 686 volueritis,

296 702 477 764 nullatinus
499 702 742 785 perturbentur,
766 703 933 784 exponatis
950 707 983 763 et
997 703 1181 783 publicetis,
1197 723 1234 764 ac
1248 724 1306 785 per
1321 703 1454 765 eosdem

296 804 518 878 procuratores
535 819 592 860 seu
608 799 785 860 eorundem
800 799 943 879 aliquem
958 799 1075 879 exponi
1085 803 1119 859 et
1134 799 1294 880 publicari
1303 803 1453 881 tempore

296 894 452 975 praedicto
475 889 585 956 libere
599 896 808 977 permittatis,
822 895 970 976 illudque
985 895 1078 976 pium
1093 896 1265 978 negocium
1281 896 1455 958 efficaciter

296 992 510 1070 promoveatis
536 992 634 1054 verbo
659 993 780 1072 pariter
803 995 837 1053 et
861 991 1018 1072 exemplo,
1041 992 1234 1054 mandantes
1257 991 1395 1054 firmiter
1418 996 1453 1054 et

293 1085 507 1168 injungentes
530 1088 685 1168 quatinus
705 1087 792 1168 quod
807 1108 845 1149 ex
868 1087 1046 1148 donacione
1061 1086 1209 1149 fidelium
1224 1088 1260 1148 in
1281 1086 1342 1149 hac
1357 1091 1452 1169 parte

295 1180 449 1243 collatum
466 1202 524 1244 seu
538 1182 696 1265 legatum,
712 1183 746 1245 id
764 1184 843 1265 ipsis
866 1182 1126 1264 procuratoribus
1142 1203 1199 1245 seu
1215 1203 1328 1245 eorum
1351 1182 1452 1245 alicui

295 1275 421 1339 faciatis
450 1278 600 1339 celeriter
629 1278 771 1340 liberari.
816 1279 861 1340 Et
882 1283 921 1339 ut
950 1284 1078 1352 mentes
1108 1283 1231 1340 vestras
1255 1283 1290 1341 et
1311 1279 1451 1341 aliorum

296 1372 417 1436 Christi
439 1374 589 1436 fidelium
611 1375 652 1436 ad
674 1376 840 1456 praemissa
861 1376 1053 1457 propensius
1069 1376 1260 1453 excitemus,
1275 1376 1316 1438 de
1334 1375 1450 1438 Omni·

296 1473 439 1553 potentis
462 1471 621 1532 immensa
645 1471 863 1532 misericordia
889 1476 924 1532 et
946 1471 1149 1533 Beatissimae
1170 1472 1316 1554 Virginis
1336 1472 1451 1534 Mariae

296 1569 430 1651 virginis
452 1568 566 1629 matris
589 1589 665 1644 suae,
688 1588 724 1629 ac
740 1568 916 1629 Beatorum
938 1568 1030 1629 Petri
1053 1572 1087 1630 et
1109 1568 1204 1630 Pauli
1219 1568 1450 1651 Apostolorum

121 1671 228 1742 sewu·
297 1665 379 1747 ejus,
409 1685 536 1727 necnon
568 1670 751 1727 sanctorum
781 1664 999 1727 confessorum
1020 1663 1198 1750 Wlilfridi)
1220 1663 1388 1750 Jolannis)
1414 1671 1451 1728 et

121 1731 225 1835 ffiitf'
296 1760 486 1848 W(illelmi)
497 1767 706 1844 patronorum
717 1767 910 1839 nostrorum,
921 1760 1140 1844 Omniumque
1151 1762 1341 1825 Sanctorum
1353 1763 1449 1825 sacris

122 1848 247 1954 ξξέζὲῗῖν
295 1861 422 1922 meritis
445 1865 480 1922 et
497 1860 647 1941 precibus
666 1858 877 1936 confidentes,
892 1859 1019 1919 cunctis
1034 1856 1234 1920 Christicolis
1249 1879 1307 1940 per
1321 1864 1463 1938 nostras·

121 1965 237 2013 wnnam.
296 1957 462 2018 civitatem
484 1961 518 2017 et
541 1955 706 2017 dioecesim
729 1954 869 2016 ubilibet
891 1955 1090 2031 constitutis,
1113 1955 1170 2035 qui
1185 1954 1335 2016 debonis
1352 1953 1449 2017 sibia

296 2054 365 2116 Deo
379 2053 504 2115 collatis
519 2052 627 2134 aliqua
640 2051 773 2134 praefato
788 2049 941 2131 hospitali
956 2051 1167 2129 contulerint,
1181 2051 1373 2135 legaverint,
1390 2073 1448 2115 seu

294 2148 504 2232 quovismodo
526 2148 764 2230 assignaverint
787 2146 931 2208 subsidia
957 2148 1112 2223 caritatis,
1138 2148 1263 2209 tociens
1292 2148 1447 2230 quociens

295 2245 459 2328 praemissa
481 2264 538 2305 seu
560 2264 672 2305 eorum
694 2242 824 2324 aliquod
846 2241 996 2318 iecerint,
1017 2243 1234 2326 quadraginta
1252 2243 1321 2306 dies
1338 2245 1449 2307 indul·

179 2384 181 2387 -
294 2341 417 2422 genciae
431 2340 573 2422 graciose
588 2340 794 2402 concedimus
809 2359 868 2420 per
882 2344 1069 2419 praesentes,
1085 2340 1125 2400 ad
1142 2340 1323 2402 triennium
1337 2360 1357 2400 a
1371 2340 1449 2401 data

295 2436 509 2518 praesencium
532 2436 687 2497 continue
702 2431 941 2496 numerandum
957 2434 1127 2497 dumtaxat
1141 2434 1322 2498 duraturas.
1369 2435 1445 2499 Dat.

294 2536 404 2594 nostro
428 2530 488 2593 sub
511 2531 628 2613 sigillo,
649 2532 685 2592 in
704 2530 848 2592 manerio
873 2535 984 2591 nostro
1011 2531 1051 2593 de
1077 2530 1245 2605 Suthwell,
1267 2531 1370 2593 tercio
1392 2532 1446 2610 die

295 2627 426 2711 Aprilis,
448 2628 543 2689 Anno
572 2627 705 2689 Domini
727 2626 993 2704 m⁰cccc¹¹¹⁰lxxix⁰,
1018 2630 1053 2688 et
1074 2631 1192 2690 nostrae
1221 2628 1447 2691 translacionis

294 2745 380 2787 anno
394 2724 506 2787 tercio.
546 2738 548 2741 ’

191 2906 196 2917 .
362 2859 522 2924 Omnibus
552 2858 825 2923 christifidelibus
851 2860 891 2921 ad
915 2880 996 2942 quos
1025 2859 1085 2924 hoc
1115 2883 1255 2944 praesens
1286 2865 1446 2948 scriptum

121 2930 249 3050 qurgrs.
295 2958 490 3041 pervenerit,
526 2958 736 3035 Laurencius,
774 2957 984 3040 permissione
1025 2958 1154 3036 Divina,
1192 2965 1254 3023 etc.
1294 2962 1445 3041 salutem,

124 3074 259 3147 maaca·
295 3056 498 3140 graciam‚et
512 3054 788 3117 benediccionem.
834 3053 949 3117 Sciatis
971 3075 1030 3116 nos
1052 3057 1256 3135 concessisse,
1270 3059 1446 3122 tradidisse

119 3136 271 3252 mm?
296 3157 330 3215 et
356 3152 398 3214 ad
421 3151 547 3214 firmam
572 3151 744 3230 dimisisse,
768 3150 899 3212 domino
924 3150 1091 3213 Willelmo
1122 3151 1239 3229 Baker,
1269 3154 1445 3236 capellano,

120 3253 255 3324 comosa
295 3250 429 3311 domum
452 3249 520 3310 sive
542 3248 711 3310 ecclesiam
733 3267 809 3308 cum
824 3245 1006 3329 curtilagi0‚
1022 3251 1168 3309 vocatam
1184 3250 1393 3332 Leudykirk,¹
1409 3252 1445 3314 in

119 3313 253 3417 ἷξῖξῗῖηῑ.
295 3345 546 3427 Steynbriggate
557 3343 642 3405 infra
650 3342 762 3405 villam
771 3347 915 3404 nostram
927 3341 1043 3423 Ripon’
1052 3344 1207 3405 situatam
1218 3350 1254 3406 et
1262 3345 1444 3426 fundatam,

120 3429 272 3545 fflffloe
294 3447 329 3502 et
343 3442 379 3501 in
394 3440 477 3502 libro
492 3443 643 3500 extentus
663 3437 895 3522 temporalium
917 3434 1211 3519 archiepiscopatus
1233 3443 1337 3503 nostri
1358 3463 1444 3504 nun-

120 3546 248 3615 asrarnfra
293 3539 410 3613 cupato
434 3530 601 3594 blotbolcc²
627 3535 826 3608 annotatam,
844 3551 1009 3594 unacum
1035 3533 1196 3596 cimiterio
1217 3534 1362 3615 ejusdem
1389 3559 1440 3599 ec-

120 3603 215 3721 }gfo'ssg
293 3629 407 3705 clesiae‚
423 3647 548 3689 necnon
562 3626 794 3702 mansionibus,
809 3626 969 3704 domibus,
985 3627 1140 3705 aedificiis,
1151 3630 1306 3711 gardinis,
1322 3636 1356 3692 et
1369 3631 1443 3693 aliis

119 3744 260 3802 TheLady.
293 3723 577 3786 commoditatibus
600 3727 634 3784 et
655 3719 807 3803 proficuis
829 3742 865 3782 ac
887 3723 1097 3802 pertinenciis
1112 3724 1234 3786 eisdem
1250 3724 1391 3786 ecclesiae
1408 3731 1442 3787 et

120 3804 263 3910 ᾗξξὴᾬῗῇ
293 3820 465 3904 curtilagio
485 3818 693 3901 quovismodo
715 3818 956 3898 pertinentibus
980 3820 1048 3880 sive
1072 3821 1303 3900 spectantibus,
1319 3819 1441 3883 haben-

121 3923 255 3980 praete,
292 3919 372 3980 dum
397 3924 431 3980 et
456 3917 638 3979 tenendum
664 3912 797 3997 praefato
823 3915 955 3976 domino
979 3914 1147 3977 Willelmo
1177 3916 1294 3996 Baker,
1319 3917 1441 3980 dictam

118 3982 269 4090 iiifihlliss,
292 4017 425 4079 domum
447 4016 513 4077 sive
534 4012 703 4076 ecclesiam
725 4031 801 4072 cum
824 4011 1006 4095 curtilagi0‚
1022 4011 1231 4089 cimiterium,
1246 4015 1443 4094 mansiones,

292 4115 414 4192 domos,
445 4111 590 4189 aedificia,
620 4114 655 4171 et
684 4108 830 4192 gardina,
860 4128 936 4169 cum
966 4107 1116 4170 omnibns
1146 4110 1442 4190 commoditatibus,

346 4234 390 4302 (l)
410 4233 460 4287 See
477 4231 590 4300 asapie-
601 4229 676 4295 Acta,
690 4228 786 4293 16211,
799 4226 853 4279 and
866 4224 960 4292 above,
971 4224 989 4280 i.
1003 4226 1047 4293 83,
1059 4226 1103 4279 84.

346 4315 389 4385 (2)
407 4315 473 4368 This
484 4312 555 4368 book
567 4311 591 4365 is
603 4317 653 4364 not
663 4327 726 4363 now
738 4309 840 4362 known
853 4313 882 4362 to
895 4308 974 4362 exist.
1004 4308 1045 4362 On
1056 4307 1103 4362 the
1115 4308 1226 4380 naming
1237 4310 1268 4363 of
1277 4309 1360 4365 books
1371 4311 1441 4366 from

290 4395 337 4448 the
355 4396 446 4448 colour
463 4393 495 4447 of
508 4391 581 4445 their
598 4406 699 4457 covers,
712 4405 754 4442 see
773 4386 882 4442 Proface
900 4393 930 4440 to
949 4386 1057 4440 Rains's
1076 4388 1253 4457 1166100111.
1293 4389 1441 4444 ’1116111161

291 4473 375 4526 Albas
386 4473 416 4526 oi
425 4470 577 4526 Southwell
588 4469 611 4522 is
623 4468 724 4539 quoted
735 4466 828 4535 above,
842 4466 894 4520 vol.
908 4465 925 4520 i.
939 4466 984 4533 34,
997 4466 1059 4533 292,
1071 4465 1132 4519 294.
