3074 5032
256 315 430 366 1111111616
456 314 555 365 111611
581 314 677 364 roan
702 314 914 380 aucrsmns;
941 317 1133 370 ruoausar.
1374 300 1445 372 129

116 481 190 542 vide
215 482 399 558 attendens
416 482 503 564 quod
519 483 644 544 dictum
660 480 831 563 hospitale,
848 503 905 564 per
926 485 1087 546 incuriam
1104 489 1140 546 et
1162 486 1270 569 negli-
1295 496 1376 541 makes
1388 495 1448 554 gisa

116 579 262 657 gentiam
290 578 463 639 custodum
487 578 632 659 ejusdem
655 579 711 659 qui
736 599 793 658 pro
818 584 961 659 tempore
990 582 1168 641 extiterant
1188 603 1270 662 prae·
1294 555 1405 670 1418111116

116 668 184 732 fato
200 678 309 733 stauro
326 674 393 734 sive
415 673 639 754 implement0,
655 695 691 734 ac
708 674 780 735 aliis
803 674 900 735 rebus
922 679 956 735 et
971 674 1064 736 bonis
1082 676 1147 736 suis
1163 674 1270 738 fuerat

116 768 208 846 quasi
238 769 370 848 penitus
400 770 611 844 destitutum,
643 773 677 829 61
715 768 820 831 adhuc
850 771 885 830 111
917 771 983 831 61116
1021 771 1203 846 redditibus
1234 779 1269 834 61

114 864 325 942 proventibus
346 865 425 926 adeo
440 866 641 926 diminutum
662 869 695 926 et
711 866 897 946 collapsum,
913 866 1000 947 quod
1016 867 1099 929 bona
1122 867 1268 948 ejusdem

116 957 155 1017 ad
191 960 466 1020 sustentacionem
496 980 676 1040 pauperum
703 965 738 1020 et
767 961 969 1022 infirmorum
1000 961 1195 1044 degencium
1232 961 1270 1024 111

116 1053 241 1130 eodem,
257 1074 293 1115 ac
317 1055 380 1115 alia
402 1076 499 1116 onera
515 1056 621 1116 eidem
644 1055 872 1117 incumbencia
889 1058 1107 1137 supportanda
1123 1058 1267 1120 sufficere

116 1167 182 1208 non
202 1150 347 1229 poterint
370 1149 433 1211 hiis
449 1151 584 1226 diebus3
608 1156 643 1211 et
657 1156 826 1231 propterea
841 1153 894 1232 pie
909 1151 1065 1213 affectans
1080 1151 1268 1234 hujusmodi

116 1243 256 1304 exilitati
271 1246 346 1305 novi
359 1247 564 1326 apposicione
579 1246 715 1307 remedii
731 1267 904 1324 occurrere,
917 1248 1045 1308 intuitu
1061 1249 1215 1326 caritatiS,
1226 1250 1266 1310 ad

116 1337 248 1400 laudem
264 1340 325 1400 Dei
341 1346 375 1401 et
391 1342 442 1401 sui
458 1342 566 1402 cultus
589 1348 815 1422 augmentum,
831 1346 866 1402 et
883 1343 918 1402 in
933 1343 1168 1404 relevacionem
1184 1344 1266 1405 dicti
1288 1405 1290 1408 ,

115 1430 284 1514 hospitalis
310 1456 346 1496 ac
375 1438 655 1517 supportacionem
678 1437 928 1499 elemosinarum
950 1443 984 1499 et
1007 1459 1142 1500 onerum
1159 1440 1266 1501 eidem

114 1530 297 1610 antiquitus
313 1532 586 1609 incumbenoium,
603 1533 642 1592 de
658 1553 746 1592 mera
762 1536 796 1592 et
819 1534 963 1614 gratuita
983 1533 1179 1595 liberalitate
1196 1555 1265 1611 sua,

115 1625 207 1685 dedit
223 1631 258 1685 et
272 1629 429 1689 concessit
444 1629 575 1689 domino
594 1626 737 1690 Johanni
752 1628 792 1690 de
810 1629 897 1710 Brig'
912 1649 999 1690 nunc
1015 1630 1142 1690 custodi
1158 1627 1266 1710 hospi·
1361 1661 1364 1665 ·

114 1720 190 1780 talis
217 1722 374 1801 praedicti,
390 1725 520 1784 nomine
543 1725 644 1785 stauri
670 1725 737 1785 sive
760 1724 966 1804 implementi
982 1725 1062 1785 dicti
1085 1722 1265 1805 hospitalis,

115 1817 272 1878 nonnulla
295 1819 420 1897 catalla,
443 1840 505 1896 res,
527 1826 561 1880 et
587 1819 681 1896 bona,
703 1839 774 1900 quae
801 1820 836 1879 in
861 1820 1036 1880 indentura
1060 1819 1265 1901 infrascripta

114 1913 242 1992 plenius
265 1915 485 1993 continentur,
501 1917 541 1976 ad
564 1916 664 1976 finem
686 1921 720 1976 et
742 1914 898 1976 effectum
921 1920 960 1976 ut
974 1917 1082 1977 dictus
1098 1914 1264 1978 Johannes

114 2028 202 2069 nunc
217 2015 324 2070 custos
353 2031 390 2072 ea
413 2013 521 2072 omnia
544 2018 577 2073 61
605 2011 733 2094 singula
757 2012 808 2072 vel
831 2012 1013 2072 consimilia
1039 2012 1124 2092 aequi
1147 2011 1263 2074 valoris

113 2105 223 2166 futuro
240 2107 412 2167 successori
437 2128 494 2168 suo
516 2106 680 2188 relinquat
704 2107 831 2189 integre
859 2112 893 2167 et
908 2107 1057 2167 dimittat
1077 2127 1134 2187 per
1149 2107 1264 2170 inden-

69 2257 71 2261 .
113 2206 219 2262 turam
235 2202 312 2262 inde
328 2202 568 2279 conficiendam,
584 2210 618 2264 et
642 2204 685 2264 sic
701 2203 853 2283 deinceps
870 2203 910 2263 de
933 2222 1113 2263 successore
1137 2203 1172 2262 in
1189 2224 1261 2264 suc-

112 2318 268 2358 cessorem
284 2298 341 2359 fiat
363 2300 604 2380 imperpetuum
626 2299 824 2380 temporibus
848 2299 1044 2381 profutmis3
1067 2303 1161 2360 tenor
1187 2320 1261 2362 vero

112 2394 208 2454 dictae
225 2395 406 2456 indenturae
422 2415 479 2476 per
495 2397 603 2456 omnia
619 2396 693 2456 talis
711 2400 769 2458 est.

178 2489 256 2550 Haec
286 2490 459 2551 indentura
488 2490 573 2552 facta
604 2492 690 2552 inter
715 2490 929 2552 reverendum
956 2491 1061 2552 virum
1092 2491 1261 2553 dominum
1287 2504 1389 2550 Deedof
1422 2548 1424 2551 ,
1484 2546 1486 2550 Α

113 2585 292 2647 Henricum
317 2587 357 2647 de
378 2587 515 2669 Ingelby
531 2589 721 2651 canonicum
745 2588 852 2664 Ebor.,
868 2593 1105 2668 procuratorem
1128 2608 1261 2649 venera·
1285 2565 1383 2680 ξζὶξξὸ,

111 2681 185 2743 bilis
201 2682 262 2742 viri
277 2681 402 2742 domini
417 2683 521 2744 David
537 2684 577 2744 de
592 2683 746 2761 Wollour,
757 2684 903 2744 canonici
918 2683 1013 2745 Ebor.
1027 2704 1066 2744 ex
1080 2688 1173 2764 parte
1185 2703 1260 2761 una,
1286 2693 1337 2726 an.
1350 2683 1414 2727 1370.

112 2782 147 2837 et
162 2777 329 2838 dominum
345 2776 527 2838 Johannem
543 2778 583 2839 de
606 2779 716 2862 Brigg’
739 2778 954 2860 capellanum,
970 2779 1137 2840 custodem
1152 2777 1261 2860 hospi-

110 2872 186 2932 talis
202 2871 312 2933 Sancti
328 2870 485 2934 Johannis
501 2873 659 2954 Baptistae
675 2872 800 2955 Rypon’
816 2894 855 2934 ex
877 2873 991 2948 altera,
1007 2878 1150 2934 testatur
1173 2874 1260 2954 quod

111 2988 185 3028 cum
208 2967 342 3028 celebris
365 2970 527 3029 memoriae
550 2970 699 3031 dominus
724 2968 873 3044 Thomas,
898 2969 1061 3050 quondam
1086 2966 1259 3048 archiepis·
1285 2984 1436 3044 Archbishop

1285 3042 1436 3112 Corbridge's

110 3083 209 3144 copus
225 3064 319 3124 Ebor.
336 3063 516 3125 ordinasset
532 3069 566 3126 et
581 3066 777 3127 decrevisset
800 3063 886 3144 quod
903 3064 1064 3125 sexdecim
1080 3063 1178 3125 boves
1199 3083 1259 3144 pro
1284 3103 1411 3159 provisor.

109 3158 306 3240 agricultura
321 3157 489 3240 hospitalis
507 3161 664 3241 praedicti,
681 3164 713 3221 et
729 3160 793 3221 duo
809 3161 884 3240 equi
900 3163 934 3219 et
952 3158 1016 3219 duo
1034 3163 1139 3219 aratra
1160 3163 1193 3219 et
1209 3164 1260 3218 at-

109 3255 204 3332 tillia,
227 3275 353 3316 necnon
377 3276 481 3316 unum
507 3257 689 3336 plaustrum
714 3261 748 3317 et
777 3276 843 3316 una
867 3259 991 3316 carecta
1013 3274 1088 3315 cum
1112 3252 1204 3315 ferris
1226 3259 1260 3315 et

109 3356 180 3412 tota
202 3338 334 3427 attillia,
350 3372 421 3432 quae
436 3352 525 3413 Will.
553 3353 593 3415 de
618 3353 792 3429 Somerset,
808 3352 933 3413 dudum
956 3355 1065 3412 custos
1089 3348 1259 3431 hospitalis

109 3445 266 3528 ejusdem,
289 3447 330 3508 ad
346 3468 426 3528 opus
448 3449 543 3510 dictae
566 3450 680 3510 domus
705 3448 897 3525 contulerat,
913 3447 1020 3509 eidem
1042 3444 1196 3528 hospitali
1218 3446 1259 3507 ad

109 3563 186 3604 usus
216 3564 396 3625 pauperum
427 3551 461 3606 et
483 3545 685 3606 infirmorum
714 3544 837 3606 ibidem
860 3548 1019 3626 perpetuo
1041 3546 1259 3619 remanerent,

109 3643 206 3720 prout
220 3640 256 3700 in
282 3640 412 3701 decreto
435 3646 469 3702 61
491 3642 695 3703 ordinacione
721 3642 884 3724 praedictis
908 3641 1037 3723 plenius
1061 3640 1258 3702 continetur.

109 3737 153 3797 At
167 3737 384 3817 postmodum,
399 3759 457 3819 per
471 3740 630 3800 incuriam
646 3744 679 3800 et
695 3739 932 3823 negligenciam
955 3737 1127 3800 custodum
1150 3734 1259 3818 hospi·
1283 3753 1335 3800 The
1343 3756 1419 3826 gaoris

108 3831 182 3892 talis
205 3833 294 3893 illius
310 3834 366 3914 qui
388 3855 445 3915 pro
468 3840 613 3916 tempore
637 3834 776 3913 fuerant,
792 3835 880 3896 idem
902 3832 1064 3916 hospitale
1080 3832 1121 3893 de
1148 3836 1258 3893 stauro
1283 3813 1399 3929 {fflia

109 3927 176 3988 sive
200 3928 414 4009 implemento
436 3928 624 4011 hujusmodi
646 3929 776 3992 fuerant
798 3927 880 4013 (616)
901 3931 1033 4011 penitus
1049 3927 1257 4001 destitutum,
1283 3930 1380 3975 autad.

107 4023 281 4104 praedictus
305 4023 455 4085 dominus
482 4025 598 4102 David,
621 4026 808 4087 desiderans
832 4023 992 4105 hospitale
1018 4022 1102 4084 illud
1129 4040 1165 4081 ac
1192 4019 1257 4081 ele-

84 4122 86 4126 '
107 4121 248 4180 mosinas
263 4140 334 4200 quae
350 4120 395 4181 ibi
412 4124 587 4183 sustentari
603 4125 846 4196 consueverant,
859 4118 1011 4180 videlicet
1022 4116 1257 4198 celebraciones

107 4216 279 4276 missarum
306 4236 363 4296 per
389 4219 581 4300 magistrum
607 4218 686 4278 dicti
710 4217 770 4277 loci
800 4217 866 4276 sive
889 4214 1029 4276 alterum
1054 4210 1257 4294 capellanum

106 4311 270 4393 ydoneum
287 4312 320 4371 in
337 4312 460 4393 capella
476 4314 622 4395 ejusdem
636 4313 709 4390 loci,
719 4331 845 4373 necnon
856 4308 1074 4372 exhibiciones
1083 4327 1256 4389 puerorum
1280 4315 1385 4420 111111ῑὲ1-

106 4427 288 4488 pauperum
314 4407 484 4469 scolarium
508 4409 750 4490 proficiencium
772 4409 808 4469 in
832 4405 925 4468 scolis
949 4403 1256 4488 grammaticalibus,
1280 4375 1344 4421 “⁰¹¹⁸
1363 4389 1390 4421 ⁰¹

175 4518 249 4563 VOL.
268 4519 302 4563 11.
671 4521 693 4564 Κ
