<?xml version="1.0" encoding="UTF-8"?>
<!DOCTYPE html PUBLIC "-//W3C//DTD XHTML 1.0 Transitional//EN"
    "http://www.w3.org/TR/xhtml1/DTD/xhtml1-transitional.dtd">
<html xmlns="http://www.w3.org/1999/xhtml" xml:lang="en" lang="en">
 <head>
  <title>
</title>
<meta http-equiv="Content-Type" content="text/html;charset=utf-8" />
  <meta name='ocr-system' content='tesseract 3.04.00' />
  <meta name='ocr-capabilities' content='ocr_page ocr_carea ocr_par ocr_line ocrx_word'/>
</head>
<body>
  <div class='ocr_page' id='page_1' title='image "./memorialschurch02fowlgoog_0038.png"; bbox 0 0 3074 5032; ppageno 0'>
   <div class='ocr_carea' id='block_1_1' title="bbox 247 373 1119 456">
    <p class='ocr_par' dir='ltr' id='par_1_1' title="bbox 247 373 1119 456">
     <span class='ocr_line' id='line_1_1' title="bbox 247 373 1119 456; baseline 0 -32"><span class='ocrx_word' id='word_1_1' title='bbox 247 373 420 425; x_wconf 68' lang='lat' dir='ltr'><strong>arradens</strong></span> <span class='ocrx_word' id='word_1_2' title='bbox 446 374 544 426; x_wconf 79' lang='lat' dir='ltr'>FROM</span> <span class='ocrx_word' id='word_1_3' title='bbox 570 375 667 427; x_wconf 81' lang='lat' dir='ltr'>YORK</span> <span class='ocrx_word' id='word_1_4' title='bbox 687 375 906 456; x_wconf 6' lang='lat' dir='ltr'><strong>praelarus&amp;</strong></span> <span class='ocrx_word' id='word_1_5' title='bbox 941 376 1119 428; x_wconf 85' lang='lat' dir='ltr'><strong>ROMANUS.</strong></span> 
     </span>
    </p>
   </div>
   <div class='ocr_carea' id='block_1_2' title="bbox 110 540 1259 721">
    <p class='ocr_par' dir='ltr' id='par_1_2' title="bbox 110 540 1259 721">
     <span class='ocr_line' id='line_1_2' title="bbox 111 540 1258 628; baseline -0.003 -24"><span class='ocrx_word' id='word_1_6' title='bbox 111 542 257 605; x_wconf 87' lang='lat' dir='ltr'><strong>minibus</strong></span> <span class='ocrx_word' id='word_1_7' title='bbox 272 540 407 604; x_wconf 90' lang='lat' dir='ltr'><strong>diversis</strong></span> <span class='ocrx_word' id='word_1_8' title='bbox 429 543 626 605; x_wconf 90' lang='lat' dir='ltr'><strong>irrititorum</strong></span> <span class='ocrx_word' id='word_1_9' title='bbox 649 544 865 628; x_wconf 89' lang='lat' dir='ltr'><strong>registrantur</strong></span> <span class='ocrx_word' id='word_1_10' title='bbox 888 565 983 626; x_wconf 90' lang='lat' dir='ltr'><strong>supra</strong></span> <span class='ocrx_word' id='word_1_11' title='bbox 1005 546 1092 606; x_wconf 92' lang='lat' dir='ltr'><strong>inter</strong></span> <span class='ocrx_word' id='word_1_12' title='bbox 1107 540 1258 623; x_wconf 78' lang='lat' dir='ltr'><strong>capitula,</strong></span> 
     </span>
     <span class='ocr_line' id='line_1_3' title="bbox 110 639 1259 721; baseline -0.005 -19"><span class='ocrx_word' id='word_1_13' title='bbox 110 661 196 702; x_wconf 91' lang='lat' dir='ltr'><strong>anno</strong></span> <span class='ocrx_word' id='word_1_14' title='bbox 219 639 263 700; x_wconf 62' lang='grc' dir='ltr'><strong>11ιο</strong></span> <span class='ocrx_word' id='word_1_15' title='bbox 288 659 397 701; x_wconf 90' lang='lat' dir='ltr'><strong>versus</strong></span> <span class='ocrx_word' id='word_1_16' title='bbox 424 639 538 701; x_wconf 90' lang='lat' dir='ltr'><strong>finem¹</strong></span> <span class='ocrx_word' id='word_1_17' title='bbox 566 645 602 702; x_wconf 93' lang='lat' dir='ltr'><strong>et</strong></span> <span class='ocrx_word' id='word_1_18' title='bbox 626 648 661 702; x_wconf 75' lang='lat'><strong>1⁰</strong></span> <span class='ocrx_word' id='word_1_19' title='bbox 681 661 765 702; x_wconf 90' lang='lat' dir='ltr'><strong>anno</strong></span> <span class='ocrx_word' id='word_1_20' title='bbox 788 641 939 702; x_wconf 87' lang='lat' dir='ltr'><strong>similiter</strong></span> <span class='ocrx_word' id='word_1_21' title='bbox 958 641 1026 703; x_wconf 86' lang='lat' dir='ltr'><strong>fere</strong></span> <span class='ocrx_word' id='word_1_22' title='bbox 1047 642 1081 701; x_wconf 94' lang='lat' dir='ltr'><strong>in</strong></span> <span class='ocrx_word' id='word_1_23' title='bbox 1101 639 1259 721; x_wconf 91' lang='lat' dir='ltr'><strong>principio</strong></span> 
     </span>
    </p>
   </div>
   <div class='ocr_carea' id='block_1_3' title="bbox 111 734 257 820">
    <p class='ocr_par' dir='ltr' id='par_1_3' title="bbox 111 734 257 820">
     <span class='ocr_line' id='line_1_4' title="bbox 111 734 257 820; baseline 0 -23"><span class='ocrx_word' id='word_1_24' title='bbox 111 734 170 817; x_wconf 77' lang='lat' dir='ltr'>(fo.</span> <span class='ocrx_word' id='word_1_25' title='bbox 188 739 257 820; x_wconf 77' lang='lat' dir='ltr'><strong>ss).</strong></span> 
     </span>
    </p>
   </div>
   <div class='ocr_carea' id='block_1_4' title="bbox 178 830 1414 941">
    <p class='ocr_par' dir='ltr' id='par_1_4' title="bbox 178 830 1414 941">
     <span class='ocr_line' id='line_1_5' title="bbox 178 830 1414 941; baseline 0.012 -50"><span class='ocrx_word' id='word_1_26' title='bbox 178 833 219 892; x_wconf 93' lang='lat' dir='ltr'><strong>In</strong></span> <span class='ocrx_word' id='word_1_27' title='bbox 235 831 296 892; x_wconf 90' lang='lat' dir='ltr'><strong>Dei</strong></span> <span class='ocrx_word' id='word_1_28' title='bbox 318 831 460 908; x_wconf 93' lang='lat' dir='ltr'><strong>nomine,</strong></span> <span class='ocrx_word' id='word_1_29' title='bbox 476 831 591 894; x_wconf 85' lang='lat' dir='ltr'><strong>Amen.</strong></span> <span class='ocrx_word' id='word_1_30' title='bbox 637 830 719 894; x_wconf 87' lang='lat' dir='ltr'><strong>Cum</strong></span> <span class='ocrx_word' id='word_1_31' title='bbox 742 852 796 893; x_wconf 90' lang='lat' dir='ltr'><strong>vos</strong></span> <span class='ocrx_word' id='word_1_32' title='bbox 812 832 974 894; x_wconf 87' lang='lat' dir='ltr'><strong>Walterus</strong></span> <span class='ocrx_word' id='word_1_33' title='bbox 996 833 1038 894; x_wconf 92' lang='lat' dir='ltr'><strong>de</strong></span> <span class='ocrx_word' id='word_1_34' title='bbox 1061 832 1258 914; x_wconf 74' lang='lat' dir='ltr'><strong>Leuington</strong></span> <span class='ocrx_word' id='word_1_35' title='bbox 1283 834 1414 941; x_wconf 48' lang='lat' dir='ltr'><strong>{lym</strong></span> 
     </span>
    </p>
   </div>
   <div class='ocr_carea' id='block_1_5' title="bbox 111 926 1432 1106">
    <p class='ocr_par' dir='ltr' id='par_1_5' title="bbox 111 926 1432 1106">
     <span class='ocr_line' id='line_1_6' title="bbox 111 926 1389 1012; baseline 0 -23"><span class='ocrx_word' id='word_1_36' title='bbox 111 933 145 989; x_wconf 90' lang='lat' dir='ltr'><strong>et</strong></span> <span class='ocrx_word' id='word_1_37' title='bbox 160 929 350 990; x_wconf 89' lang='lat' dir='ltr'><strong>Franciscus</strong></span> <span class='ocrx_word' id='word_1_38' title='bbox 366 927 406 989; x_wconf 93' lang='lat' dir='ltr'><strong>de</strong></span> <span class='ocrx_word' id='word_1_39' title='bbox 422 929 617 1012; x_wconf 85' lang='lat' dir='ltr'><strong>Leuington,</strong></span> <span class='ocrx_word' id='word_1_40' title='bbox 629 929 767 1010; x_wconf 84' lang='lat' dir='ltr'>primam</span> <span class='ocrx_word' id='word_1_41' title='bbox 781 926 938 991; x_wconf 86' lang='lat' dir='ltr'><strong>habentes</strong></span> <span class='ocrx_word' id='word_1_42' title='bbox 953 934 1130 1006; x_wconf 78' lang='lat' dir='ltr'><strong>tonsuram,</strong></span> <span class='ocrx_word' id='word_1_43' title='bbox 1142 931 1258 989; x_wconf 87' lang='lat' dir='ltr'><strong>nostrae</strong></span> <span class='ocrx_word' id='word_1_44' title='bbox 1283 951 1342 1011; x_wconf 76' lang='lat' dir='ltr'><strong>May</strong></span> <span class='ocrx_word' id='word_1_45' title='bbox 1354 953 1389 997; x_wconf 86' lang='lat'><strong>19.</strong></span> 
     </span>
     <span class='ocr_line' id='line_1_7' title="bbox 111 1022 1432 1106; baseline -0.005 -21"><span class='ocrx_word' id='word_1_46' title='bbox 111 1024 296 1101; x_wconf 87' lang='lat' dir='ltr'><strong>dioeceseos,</strong></span> <span class='ocrx_word' id='word_1_47' title='bbox 328 1043 434 1085; x_wconf 91' lang='lat' dir='ltr'><strong>coram</strong></span> <span class='ocrx_word' id='word_1_48' title='bbox 471 1024 563 1085; x_wconf 91' lang='lat' dir='ltr'><strong>nobis</strong></span> <span class='ocrx_word' id='word_1_49' title='bbox 597 1022 756 1101; x_wconf 91' lang='lat' dir='ltr'><strong>Johanne,</strong></span> <span class='ocrx_word' id='word_1_50' title='bbox 787 1026 1005 1106; x_wconf 84' lang='lat' dir='ltr'>permissione,</span> <span class='ocrx_word' id='word_1_51' title='bbox 1039 1029 1102 1086; x_wconf 88' lang='lat' dir='ltr'><strong>ete.</strong></span> <span class='ocrx_word' id='word_1_52' title='bbox 1131 1023 1258 1106; x_wconf 86' lang='lat' dir='ltr'><strong>Angliae</strong></span> <span class='ocrx_word' id='word_1_53' title='bbox 1285 1034 1432 1105; x_wconf 65' lang='lat' dir='ltr'><strong>Deyrqdaeo</strong></span> 
     </span>
    </p>
   </div>
   <div class='ocr_carea' id='block_1_6' title="bbox 110 1096 1434 1211">
    <p class='ocr_par' dir='ltr' id='par_1_6' title="bbox 110 1096 1434 1211">
     <span class='ocr_line' id='line_1_8' title="bbox 110 1096 1434 1211; baseline -0.002 -30"><span class='ocrx_word' id='word_1_54' title='bbox 110 1122 263 1201; x_wconf 88' lang='lat' dir='ltr'><strong>primate,</strong></span> <span class='ocrx_word' id='word_1_55' title='bbox 283 1121 357 1201; x_wconf 89' lang='lat' dir='ltr'><strong>jure</strong></span> <span class='ocrx_word' id='word_1_56' title='bbox 373 1126 528 1201; x_wconf 77' lang='lat' dir='ltr'><strong>tanquam</strong></span> <span class='ocrx_word' id='word_1_57' title='bbox 551 1121 658 1182; x_wconf 92' lang='lat' dir='ltr'><strong>clerici</strong></span> <span class='ocrx_word' id='word_1_58' title='bbox 674 1122 823 1182; x_wconf 88' lang='lat' dir='ltr'><strong>carcerali</strong></span> <span class='ocrx_word' id='word_1_59' title='bbox 845 1122 1000 1183; x_wconf 79' lang='lat' dir='ltr'><strong>custodiae</strong></span> <span class='ocrx_word' id='word_1_60' title='bbox 1022 1120 1207 1201; x_wconf 91' lang='lat' dir='ltr'><strong>mancipati,</strong></span> <span class='ocrx_word' id='word_1_61' title='bbox 1222 1120 1257 1179; x_wconf 92' lang='lat' dir='ltr'><strong>in</strong></span> <span class='ocrx_word' id='word_1_62' title='bbox 1283 1096 1434 1211; x_wconf 45' lang='lat' dir='ltr'><strong>pamma·</strong></span> 
     </span>
    </p>
   </div>
   <div class='ocr_carea' id='block_1_7' title="bbox 105 1211 1418 1329">
    <p class='ocr_par' dir='ltr' id='par_1_7' title="bbox 105 1211 1418 1329">
     <span class='ocr_line' id='line_1_9' title="bbox 105 1211 1418 1329; baseline 0.001 -52"><span class='ocrx_word' id='word_1_63' title='bbox 105 1216 232 1298; x_wconf 88' lang='lat' dir='ltr'><strong>judicio</strong></span> <span class='ocrx_word' id='word_1_64' title='bbox 246 1216 458 1298; x_wconf 83' lang='lat' dir='ltr'>personaliter</span> <span class='ocrx_word' id='word_1_65' title='bbox 480 1218 663 1293; x_wconf 88' lang='lat' dir='ltr'><strong>constituti,</strong></span> <span class='ocrx_word' id='word_1_66' title='bbox 680 1223 804 1298; x_wconf 91' lang='lat' dir='ltr'><strong>sponte,</strong></span> <span class='ocrx_word' id='word_1_67' title='bbox 815 1216 1026 1299; x_wconf 88' lang='lat' dir='ltr'><strong>judicialiter,</strong></span> <span class='ocrx_word' id='word_1_68' title='bbox 1042 1222 1077 1279; x_wconf 91' lang='lat' dir='ltr'><strong>et</strong></span> <span class='ocrx_word' id='word_1_69' title='bbox 1098 1218 1138 1279; x_wconf 91' lang='lat' dir='ltr'><strong>de</strong></span> <span class='ocrx_word' id='word_1_70' title='bbox 1160 1215 1257 1296; x_wconf 91' lang='lat' dir='ltr'><strong>plano</strong></span> <span class='ocrx_word' id='word_1_71' title='bbox 1282 1211 1418 1329; x_wconf 51' lang='lat' dir='ltr'><strong>ssssaffio</strong></span> 
     </span>
    </p>
   </div>
   <div class='ocr_carea' id='block_1_8' title="bbox 110 1311 1391 1396">
    <p class='ocr_par' dir='ltr' id='par_1_8' title="bbox 110 1311 1391 1396">
     <span class='ocr_line' id='line_1_10' title="bbox 110 1311 1391 1396; baseline 0 -23"><span class='ocrx_word' id='word_1_72' title='bbox 110 1311 249 1375; x_wconf 81' lang='lat' dir='ltr'><strong>confessi</strong></span> <span class='ocrx_word' id='word_1_73' title='bbox 264 1311 393 1374; x_wconf 88' lang='lat' dir='ltr'><strong>fueritis</strong></span> <span class='ocrx_word' id='word_1_74' title='bbox 408 1334 464 1375; x_wconf 90' lang='lat' dir='ltr'><strong>vos</strong></span> <span class='ocrx_word' id='word_1_75' title='bbox 487 1314 540 1375; x_wconf 92' lang='lat' dir='ltr'><strong>die</strong></span> <span class='ocrx_word' id='word_1_76' title='bbox 556 1315 672 1375; x_wconf 86' lang='lat' dir='ltr'><strong>Martis</strong></span> <span class='ocrx_word' id='word_1_77' title='bbox 695 1334 783 1394; x_wconf 84' lang='lat' dir='ltr'><strong>prox.</strong></span> <span class='ocrx_word' id='word_1_78' title='bbox 800 1320 877 1375; x_wconf 90' lang='lat' dir='ltr'><strong>ante</strong></span> <span class='ocrx_word' id='word_1_79' title='bbox 900 1316 1128 1396; x_wconf 91' lang='lat' dir='ltr'><strong>carniprivium</strong></span> <span class='ocrx_word' id='word_1_80' title='bbox 1145 1312 1187 1394; x_wconf 90' lang='lat' dir='ltr'><strong>vij</strong></span> <span class='ocrx_word' id='word_1_81' title='bbox 1205 1312 1257 1373; x_wconf 91' lang='lat' dir='ltr'><strong>vel</strong></span> <span class='ocrx_word' id='word_1_82' title='bbox 1281 1330 1391 1375; x_wconf 61' lang='lat' dir='ltr'><strong>scantur</strong></span> 
     </span>
    </p>
   </div>
   <div class='ocr_carea' id='block_1_9' title="bbox 109 1389 1406 1493">
    <p class='ocr_par' dir='ltr' id='par_1_9' title="bbox 109 1389 1406 1493">
     <span class='ocr_line' id='line_1_11' title="bbox 109 1389 1406 1493; baseline 0.002 -25"><span class='ocrx_word' id='word_1_83' title='bbox 109 1408 166 1491; x_wconf 88' lang='lat' dir='ltr'><strong>viij</strong></span> <span class='ocrx_word' id='word_1_84' title='bbox 184 1409 279 1469; x_wconf 92' lang='lat' dir='ltr'><strong>annis</strong></span> <span class='ocrx_word' id='word_1_85' title='bbox 304 1407 431 1490; x_wconf 90' lang='lat' dir='ltr'><strong>elapsis,</strong></span> <span class='ocrx_word' id='word_1_86' title='bbox 447 1409 580 1471; x_wconf 92' lang='lat' dir='ltr'><strong>domum</strong></span> <span class='ocrx_word' id='word_1_87' title='bbox 603 1410 726 1488; x_wconf 87' lang='lat' dir='ltr'><strong>domini</strong></span> <span class='ocrx_word' id='word_1_88' title='bbox 750 1410 886 1471; x_wconf 90' lang='lat' dir='ltr'><strong>Walteri</strong></span> <span class='ocrx_word' id='word_1_89' title='bbox 909 1410 949 1472; x_wconf 92' lang='lat' dir='ltr'><strong>de</strong></span> <span class='ocrx_word' id='word_1_90' title='bbox 974 1409 1118 1472; x_wconf 84' lang='lat' dir='ltr'><strong>Cambou</strong></span> <span class='ocrx_word' id='word_1_91' title='bbox 1143 1408 1257 1469; x_wconf 90' lang='lat' dir='ltr'><strong>militis</strong></span> <span class='ocrx_word' id='word_1_92' title='bbox 1280 1389 1406 1493; x_wconf 48' lang='lat' dir='ltr'><strong>mg?</strong></span> 
     </span>
    </p>
   </div>
   <div class='ocr_carea' id='block_1_10' title="bbox 109 1502 1409 1706">
    <p class='ocr_par' dir='ltr' id='par_1_10' title="bbox 109 1502 1409 1706">
     <span class='ocr_line' id='line_1_12' title="bbox 109 1502 1359 1623; baseline -0.002 -57"><span class='ocrx_word' id='word_1_93' title='bbox 109 1504 246 1588; x_wconf 85' lang='lat' dir='ltr'><strong>fregisse</strong></span> <span class='ocrx_word' id='word_1_94' title='bbox 262 1505 314 1566; x_wconf 86' lang='lat' dir='ltr'><strong>vel</strong></span> <span class='ocrx_word' id='word_1_95' title='bbox 329 1505 494 1588; x_wconf 88' lang='lat' dir='ltr'><strong>burgasse,</strong></span> <span class='ocrx_word' id='word_1_96' title='bbox 510 1512 545 1567; x_wconf 90' lang='lat' dir='ltr'><strong>et</strong></span> <span class='ocrx_word' id='word_1_97' title='bbox 567 1507 608 1567; x_wconf 92' lang='lat' dir='ltr'><strong>de</strong></span> <span class='ocrx_word' id='word_1_98' title='bbox 623 1508 692 1587; x_wconf 90' lang='lat' dir='ltr'><strong>ipsa</strong></span> <span class='ocrx_word' id='word_1_99' title='bbox 715 1502 795 1567; x_wconf 88' lang='lat' dir='ltr'><strong>duos</strong></span> <span class='ocrx_word' id='word_1_100' title='bbox 810 1526 909 1587; x_wconf 91' lang='lat' dir='ltr'><strong>equos</strong></span> <span class='ocrx_word' id='word_1_101' title='bbox 932 1508 1031 1588; x_wconf 91' lang='lat' dir='ltr'><strong>precii</strong></span> <span class='ocrx_word' id='word_1_102' title='bbox 1046 1528 1098 1568; x_wconf 85' lang='lat' dir='ltr'><strong>xx.</strong></span> <span class='ocrx_word' id='word_1_103' title='bbox 1114 1506 1148 1567; x_wconf 92' lang='lat' dir='ltr'><strong>li.</strong></span> <span class='ocrx_word' id='word_1_104' title='bbox 1164 1511 1198 1566; x_wconf 89' lang='lat' dir='ltr'><strong>et</strong></span> <span class='ocrx_word' id='word_1_105' title='bbox 1212 1504 1256 1567; x_wconf 85' lang='lat' dir='ltr'><strong>xl.</strong></span> <span class='ocrx_word' id='word_1_106' title='bbox 1275 1521 1359 1623; x_wconf 56' lang='lat' dir='ltr'><strong>m*</strong></span> 
     </span>
     <span class='ocr_line' id='line_1_13' title="bbox 109 1598 1409 1706; baseline -0.001 -46"><span class='ocrx_word' id='word_1_107' title='bbox 109 1600 144 1661; x_wconf 91' lang='grc'><strong>11.</strong></span> <span class='ocrx_word' id='word_1_108' title='bbox 162 1600 309 1683; x_wconf 75' lang='lat' dir='ltr'><strong>sterling.</strong></span> <span class='ocrx_word' id='word_1_109' title='bbox 326 1601 361 1661; x_wconf 95' lang='lat' dir='ltr'><strong>in</strong></span> <span class='ocrx_word' id='word_1_110' title='bbox 384 1603 531 1682; x_wconf 90' lang='lat' dir='ltr'><strong>pecunia,</strong></span> <span class='ocrx_word' id='word_1_111' title='bbox 547 1623 668 1684; x_wconf 87' lang='lat' dir='ltr'><strong>cuppas</strong></span> <span class='ocrx_word' id='word_1_112' title='bbox 684 1603 755 1663; x_wconf 92' lang='lat' dir='ltr'><strong>auri</strong></span> <span class='ocrx_word' id='word_1_113' title='bbox 778 1608 812 1663; x_wconf 94' lang='lat' dir='ltr'><strong>et</strong></span> <span class='ocrx_word' id='word_1_114' title='bbox 828 1603 967 1686; x_wconf 77' lang='lat' dir='ltr'><strong>argenti,</strong></span> <span class='ocrx_word' id='word_1_115' title='bbox 983 1603 1118 1664; x_wconf 88' lang='lat' dir='ltr'><strong>annulos</strong></span> <span class='ocrx_word' id='word_1_116' title='bbox 1133 1621 1256 1679; x_wconf 90' lang='lat' dir='ltr'><strong>aureos,</strong></span> <span class='ocrx_word' id='word_1_117' title='bbox 1282 1598 1409 1706; x_wconf 54' lang='lat' dir='ltr'><strong>Burgum,</strong></span> 
     </span>
    </p>
   </div>
   <div class='ocr_carea' id='block_1_11' title="bbox 109 1696 1409 1874">
    <p class='ocr_par' dir='ltr' id='par_1_11' title="bbox 109 1696 1409 1874">
     <span class='ocr_line' id='line_1_14' title="bbox 110 1696 1361 1781; baseline 0 -24"><span class='ocrx_word' id='word_1_118' title='bbox 110 1696 276 1759; x_wconf 88' lang='lat' dir='ltr'><strong>firmacula</strong></span> <span class='ocrx_word' id='word_1_119' title='bbox 298 1698 368 1758; x_wconf 88' lang='lat' dir='ltr'><strong>auri</strong></span> <span class='ocrx_word' id='word_1_120' title='bbox 384 1702 418 1760; x_wconf 91' lang='lat' dir='ltr'><strong>et</strong></span> <span class='ocrx_word' id='word_1_121' title='bbox 440 1700 578 1781; x_wconf 92' lang='lat' dir='ltr'><strong>argenti,</strong></span> <span class='ocrx_word' id='word_1_122' title='bbox 594 1699 757 1780; x_wconf 74' lang='lat' dir='ltr'><strong>reliquiae,</strong></span> <span class='ocrx_word' id='word_1_123' title='bbox 771 1719 905 1780; x_wconf 66' lang='lat' dir='ltr'><strong>pannos</strong></span> <span class='ocrx_word' id='word_1_124' title='bbox 921 1703 955 1761; x_wconf 89' lang='lat' dir='ltr'><strong>et</strong></span> <span class='ocrx_word' id='word_1_125' title='bbox 977 1698 1083 1759; x_wconf 86' lang='lat' dir='ltr'><strong>multa</strong></span> <span class='ocrx_word' id='word_1_126' title='bbox 1105 1697 1168 1758; x_wconf 92' lang='lat' dir='ltr'><strong>alia</strong></span> <span class='ocrx_word' id='word_1_127' title='bbox 1184 1717 1220 1758; x_wconf 88' lang='lat' dir='ltr'><strong>su</strong></span> <span class='ocrx_word' id='word_1_128' title='bbox 1243 1733 1256 1742; x_wconf 96' lang='lat'>-</span> <span class='ocrx_word' id='word_1_129' title='bbox 1282 1707 1361 1775; x_wconf 70' lang='lat' dir='ltr'><strong>horse-</strong></span> 
     </span>
     <span class='ocr_line' id='line_1_15' title="bbox 109 1765 1409 1874; baseline -0.001 -20"><span class='ocrx_word' id='word_1_130' title='bbox 109 1794 245 1855; x_wconf 81' lang='lat' dir='ltr'><strong>traxisse</strong></span> <span class='ocrx_word' id='word_1_131' title='bbox 275 1792 404 1856; x_wconf 85' lang='lat' dir='ltr'><strong>furtive.</strong></span> <span class='ocrx_word' id='word_1_132' title='bbox 450 1795 500 1855; x_wconf 88' lang='lat' dir='ltr'><strong>Tu</strong></span> <span class='ocrx_word' id='word_1_133' title='bbox 531 1796 632 1855; x_wconf 90' lang='lat' dir='ltr'><strong>eciam</strong></span> <span class='ocrx_word' id='word_1_134' title='bbox 662 1795 825 1856; x_wconf 90' lang='lat' dir='ltr'><strong>Robertus</strong></span> <span class='ocrx_word' id='word_1_135' title='bbox 855 1796 895 1857; x_wconf 90' lang='lat' dir='ltr'><strong>de</strong></span> <span class='ocrx_word' id='word_1_136' title='bbox 925 1795 1089 1871; x_wconf 88' lang='lat' dir='ltr'><strong>Mileford,</strong></span> <span class='ocrx_word' id='word_1_137' title='bbox 1118 1793 1257 1874; x_wconf 88' lang='lat' dir='ltr'><strong>primam</strong></span> <span class='ocrx_word' id='word_1_138' title='bbox 1282 1765 1409 1870; x_wconf 55' lang='lat' dir='ltr'><strong>{fflffi32</strong></span> 
     </span>
    </p>
   </div>
   <div class='ocr_carea' id='block_1_12' title="bbox 110 1882 1357 1972">
    <p class='ocr_par' dir='ltr' id='par_1_12' title="bbox 110 1882 1357 1972">
     <span class='ocr_line' id='line_1_16' title="bbox 110 1882 1357 1972; baseline -0.002 -22"><span class='ocrx_word' id='word_1_139' title='bbox 110 1886 232 1950; x_wconf 90' lang='lat' dir='ltr'><strong>habens</strong></span> <span class='ocrx_word' id='word_1_140' title='bbox 241 1894 419 1966; x_wconf 90' lang='lat' dir='ltr'><strong>tonsuram,</strong></span> <span class='ocrx_word' id='word_1_141' title='bbox 432 1911 539 1951; x_wconf 84' lang='lat' dir='ltr'><strong>coram</strong></span> <span class='ocrx_word' id='word_1_142' title='bbox 548 1890 640 1951; x_wconf 92' lang='lat' dir='ltr'><strong>nobis</strong></span> <span class='ocrx_word' id='word_1_143' title='bbox 650 1890 816 1972; x_wconf 90' lang='lat' dir='ltr'><strong>injudicio</strong></span> <span class='ocrx_word' id='word_1_144' title='bbox 827 1891 1040 1972; x_wconf 83' lang='lat' dir='ltr'><strong>personaliter</strong></span> <span class='ocrx_word' id='word_1_145' title='bbox 1049 1890 1257 1965; x_wconf 91' lang='lat' dir='ltr'><strong>constitutus,</strong></span> <span class='ocrx_word' id='word_1_146' title='bbox 1282 1882 1357 1931; x_wconf 71' lang='lat' dir='ltr'><strong>thersa</strong></span> 
     </span>
    </p>
   </div>
   <div class='ocr_carea' id='block_1_13' title="bbox 106 1984 1258 4182">
    <p class='ocr_par' dir='ltr' id='par_1_13' title="bbox 106 1984 1258 4182">
     <span class='ocr_line' id='line_1_17' title="bbox 111 1984 1257 2068; baseline 0.002 -23"><span class='ocrx_word' id='word_1_147' title='bbox 111 1990 225 2065; x_wconf 91' lang='lat' dir='ltr'><strong>sponte</strong></span> <span class='ocrx_word' id='word_1_148' title='bbox 241 1990 303 2045; x_wconf 90' lang='lat' dir='ltr'><strong>etc.</strong></span> <span class='ocrx_word' id='word_1_149' title='bbox 320 1984 482 2046; x_wconf 89' lang='lat' dir='ltr'><strong>confessus</strong></span> <span class='ocrx_word' id='word_1_150' title='bbox 497 1984 598 2046; x_wconf 89' lang='lat' dir='ltr'><strong>fueris</strong></span> <span class='ocrx_word' id='word_1_151' title='bbox 614 1991 647 2047; x_wconf 89' lang='lat' dir='ltr'><strong>te</strong></span> <span class='ocrx_word' id='word_1_152' title='bbox 670 1987 724 2048; x_wconf 90' lang='lat' dir='ltr'><strong>die</strong></span> <span class='ocrx_word' id='word_1_153' title='bbox 741 1987 842 2048; x_wconf 88' lang='lat' dir='ltr'><strong>Lunae</strong></span> <span class='ocrx_word' id='word_1_154' title='bbox 857 2007 945 2068; x_wconf 84' lang='lat' dir='ltr'><strong>prox.</strong></span> <span class='ocrx_word' id='word_1_155' title='bbox 957 1993 1030 2068; x_wconf 89' lang='lat' dir='ltr'><strong>post</strong></span> <span class='ocrx_word' id='word_1_156' title='bbox 1047 1985 1165 2047; x_wconf 87' lang='lat' dir='ltr'><strong>festum</strong></span> <span class='ocrx_word' id='word_1_157' title='bbox 1181 1984 1257 2047; x_wconf 91' lang='lat' dir='ltr'><strong>Nat.</strong></span> 
     </span>
     <span class='ocr_line' id='line_1_18' title="bbox 110 2078 1257 2163; baseline 0.003 -21"><span class='ocrx_word' id='word_1_158' title='bbox 110 2080 207 2142; x_wconf 90' lang='lat' dir='ltr'><strong>Beati</strong></span> <span class='ocrx_word' id='word_1_159' title='bbox 237 2078 311 2142; x_wconf 88' lang='lat' dir='ltr'><strong>Joh.</strong></span> <span class='ocrx_word' id='word_1_160' title='bbox 327 2080 422 2161; x_wconf 90' lang='lat' dir='ltr'><strong>Bapt.</strong></span> <span class='ocrx_word' id='word_1_161' title='bbox 438 2081 505 2143; x_wconf 88' lang='lat' dir='ltr'><strong>fere</strong></span> <span class='ocrx_word' id='word_1_162' title='bbox 521 2081 626 2143; x_wconf 91' lang='lat' dir='ltr'><strong>tribus</strong></span> <span class='ocrx_word' id='word_1_163' title='bbox 649 2083 743 2143; x_wconf 92' lang='lat' dir='ltr'><strong>annis</strong></span> <span class='ocrx_word' id='word_1_164' title='bbox 766 2082 892 2163; x_wconf 94' lang='lat' dir='ltr'><strong>elapsis,</strong></span> <span class='ocrx_word' id='word_1_165' title='bbox 908 2082 1041 2144; x_wconf 85' lang='lat' dir='ltr'><strong>domum</strong></span> <span class='ocrx_word' id='word_1_166' title='bbox 1060 2081 1194 2143; x_wconf 90' lang='lat' dir='ltr'><strong>Roberti</strong></span> <span class='ocrx_word' id='word_1_167' title='bbox 1217 2081 1257 2146; x_wconf 83' lang='lat' dir='ltr'><strong>de</strong></span> 
     </span>
     <span class='ocr_line' id='line_1_19' title="bbox 110 2175 1258 2264; baseline 0.001 -26"><span class='ocrx_word' id='word_1_168' title='bbox 110 2175 243 2239; x_wconf 84' lang='lat' dir='ltr'><strong>Camera</strong></span> <span class='ocrx_word' id='word_1_169' title='bbox 258 2175 298 2237; x_wconf 89' lang='lat' dir='ltr'><strong>de</strong></span> <span class='ocrx_word' id='word_1_170' title='bbox 325 2176 453 2238; x_wconf 87' lang='lat' dir='ltr'><strong>Fenton</strong></span> <span class='ocrx_word' id='word_1_171' title='bbox 476 2177 629 2261; x_wconf 90' lang='lat' dir='ltr'><strong>burgasse</strong></span> <span class='ocrx_word' id='word_1_172' title='bbox 654 2182 688 2238; x_wconf 92' lang='lat' dir='ltr'><strong>et</strong></span> <span class='ocrx_word' id='word_1_173' title='bbox 712 2179 839 2238; x_wconf 81' lang='lat' dir='ltr'><strong>circiter</strong></span> <span class='ocrx_word' id='word_1_174' title='bbox 853 2199 874 2238; x_wconf 85' lang='lat' dir='ltr'>x</span> <span class='ocrx_word' id='word_1_175' title='bbox 897 2199 1017 2239; x_wconf 89' lang='lat' dir='ltr'><strong>marcas</strong></span> <span class='ocrx_word' id='word_1_176' title='bbox 1040 2178 1079 2239; x_wconf 92' lang='lat' dir='ltr'><strong>de</strong></span> <span class='ocrx_word' id='word_1_177' title='bbox 1095 2178 1177 2264; x_wconf 90' lang='lat' dir='ltr'><strong>ipsa,</strong></span> <span class='ocrx_word' id='word_1_178' title='bbox 1192 2197 1258 2239; x_wconf 91' lang='lat' dir='ltr'><strong>una</strong></span> 
     </span>
     <span class='ocr_line' id='line_1_20' title="bbox 109 2272 1257 2354; baseline -0.001 -20"><span class='ocrx_word' id='word_1_179' title='bbox 109 2292 186 2334; x_wconf 89' lang='lat' dir='ltr'><strong>cum</strong></span> <span class='ocrx_word' id='word_1_180' title='bbox 216 2272 332 2353; x_wconf 89' lang='lat' dir='ltr'><strong>pannis</strong></span> <span class='ocrx_word' id='word_1_181' title='bbox 355 2277 389 2333; x_wconf 93' lang='lat' dir='ltr'><strong>et</strong></span> <span class='ocrx_word' id='word_1_182' title='bbox 414 2272 486 2333; x_wconf 89' lang='lat' dir='ltr'><strong>aliis</strong></span> <span class='ocrx_word' id='word_1_183' title='bbox 510 2273 603 2335; x_wconf 90' lang='lat' dir='ltr'><strong>bonis</strong></span> <span class='ocrx_word' id='word_1_184' title='bbox 633 2278 812 2354; x_wconf 77' lang='lat' dir='ltr'><strong>asportasse</strong></span> <span class='ocrx_word' id='word_1_185' title='bbox 842 2273 972 2351; x_wconf 84' lang='lat' dir='ltr'><strong>firrtive,</strong></span> <span class='ocrx_word' id='word_1_186' title='bbox 999 2274 1131 2339; x_wconf 88' lang='lat' dir='ltr'><strong>domum</strong></span> <span class='ocrx_word' id='word_1_187' title='bbox 1155 2274 1257 2340; x_wconf 88' lang='lat' dir='ltr'><strong>eciam</strong></span> 
     </span>
     <span class='ocr_line' id='line_1_21' title="bbox 109 2367 1257 2452; baseline 0.003 -24"><span class='ocrx_word' id='word_1_188' title='bbox 109 2368 259 2451; x_wconf 74' lang='lat' dir='ltr'><strong>magistri</strong></span> <span class='ocrx_word' id='word_1_189' title='bbox 274 2367 408 2429; x_wconf 90' lang='lat' dir='ltr'><strong>Roberti</strong></span> <span class='ocrx_word' id='word_1_190' title='bbox 423 2368 463 2428; x_wconf 91' lang='lat' dir='ltr'><strong>de</strong></span> <span class='ocrx_word' id='word_1_191' title='bbox 487 2369 599 2449; x_wconf 88' lang='lat' dir='ltr'><strong>Lasoy,</strong></span> <span class='ocrx_word' id='word_1_192' title='bbox 615 2368 758 2429; x_wconf 91' lang='lat' dir='ltr'><strong>officialis</strong></span> <span class='ocrx_word' id='word_1_193' title='bbox 774 2371 877 2430; x_wconf 90' lang='lat' dir='ltr'><strong>nostri</strong></span> <span class='ocrx_word' id='word_1_194' title='bbox 899 2369 977 2436; x_wconf 92' lang='lat' dir='ltr'><strong>alias</strong></span> <span class='ocrx_word' id='word_1_195' title='bbox 992 2375 1026 2431; x_wconf 90' lang='lat' dir='ltr'><strong>te</strong></span> <span class='ocrx_word' id='word_1_196' title='bbox 1041 2369 1207 2452; x_wconf 86' lang='lat' dir='ltr'><strong>burgasse,</strong></span> <span class='ocrx_word' id='word_1_197' title='bbox 1223 2373 1257 2433; x_wconf 87' lang='lat' dir='ltr'><strong>et</strong></span> 
     </span>
     <span class='ocr_line' id='line_1_22' title="bbox 108 2463 1258 2548; baseline 0.003 -24"><span class='ocrx_word' id='word_1_198' title='bbox 108 2464 149 2525; x_wconf 91' lang='lat' dir='ltr'><strong>de</strong></span> <span class='ocrx_word' id='word_1_199' title='bbox 164 2465 235 2545; x_wconf 95' lang='lat' dir='ltr'><strong>ipsa</strong></span> <span class='ocrx_word' id='word_1_200' title='bbox 258 2465 386 2525; x_wconf 89' lang='lat' dir='ltr'><strong>circiter</strong></span> <span class='ocrx_word' id='word_1_201' title='bbox 408 2484 575 2543; x_wconf 79' lang='lat' dir='ltr'><strong>vmarcaS,</strong></span> <span class='ocrx_word' id='word_1_202' title='bbox 590 2463 711 2546; x_wconf 89' lang='lat' dir='ltr'><strong>ciphos,</strong></span> <span class='ocrx_word' id='word_1_203' title='bbox 728 2464 881 2526; x_wconf 90' lang='lat' dir='ltr'><strong>coclearia</strong></span> <span class='ocrx_word' id='word_1_204' title='bbox 907 2465 1046 2548; x_wconf 88' lang='lat' dir='ltr'><strong>argenti,</strong></span> <span class='ocrx_word' id='word_1_205' title='bbox 1066 2484 1199 2546; x_wconf 66' lang='lat' dir='ltr'><strong>pannos</strong></span> <span class='ocrx_word' id='word_1_206' title='bbox 1223 2469 1258 2529; x_wconf 88' lang='lat' dir='ltr'><strong>et</strong></span> 
     </span>
     <span class='ocr_line' id='line_1_23' title="bbox 109 2558 1257 2647; baseline 0.002 -27"><span class='ocrx_word' id='word_1_207' title='bbox 109 2559 182 2636; x_wconf 90' lang='lat' dir='ltr'><strong>alia,</strong></span> <span class='ocrx_word' id='word_1_208' title='bbox 214 2559 410 2622; x_wconf 85' lang='lat' dir='ltr'><strong>subtraxisse</strong></span> <span class='ocrx_word' id='word_1_209' title='bbox 447 2558 578 2622; x_wconf 88' lang='lat' dir='ltr'><strong>furtive.</strong></span> <span class='ocrx_word' id='word_1_210' title='bbox 624 2562 674 2622; x_wconf 87' lang='lat' dir='ltr'><strong>Tu</strong></span> <span class='ocrx_word' id='word_1_211' title='bbox 704 2568 816 2623; x_wconf 91' lang='lat' dir='ltr'><strong>autem</strong></span> <span class='ocrx_word' id='word_1_212' title='bbox 847 2562 1003 2628; x_wconf 86' lang='lat' dir='ltr'><strong>Ricardus</strong></span> <span class='ocrx_word' id='word_1_213' title='bbox 1034 2561 1075 2626; x_wconf 91' lang='lat' dir='ltr'><strong>de</strong></span> <span class='ocrx_word' id='word_1_214' title='bbox 1106 2560 1257 2647; x_wconf 88' lang='lat' dir='ltr'><strong>Skiptou,</strong></span> 
     </span>
     <span class='ocr_line' id='line_1_24' title="bbox 107 2653 1258 2739; baseline 0.005 -23"><span class='ocrx_word' id='word_1_215' title='bbox 107 2656 249 2737; x_wconf 91' lang='lat' dir='ltr'><strong>primam</strong></span> <span class='ocrx_word' id='word_1_216' title='bbox 273 2653 394 2717; x_wconf 90' lang='lat' dir='ltr'><strong>habens</strong></span> <span class='ocrx_word' id='word_1_217' title='bbox 420 2661 599 2734; x_wconf 89' lang='lat' dir='ltr'><strong>tonsuram,</strong></span> <span class='ocrx_word' id='word_1_218' title='bbox 622 2677 728 2718; x_wconf 88' lang='lat' dir='ltr'><strong>coram</strong></span> <span class='ocrx_word' id='word_1_219' title='bbox 754 2657 845 2718; x_wconf 92' lang='lat' dir='ltr'><strong>nobis</strong></span> <span class='ocrx_word' id='word_1_220' title='bbox 870 2657 1081 2739; x_wconf 88' lang='lat' dir='ltr'><strong>personaliter</strong></span> <span class='ocrx_word' id='word_1_221' title='bbox 1105 2661 1166 2719; x_wconf 89' lang='lat' dir='ltr'><strong>etc.</strong></span> <span class='ocrx_word' id='word_1_222' title='bbox 1182 2677 1258 2722; x_wconf 85' lang='lat' dir='ltr'><strong>eon·</strong></span> 
     </span>
     <span class='ocr_line' id='line_1_25' title="bbox 108 2750 1257 2836; baseline 0.004 -24"><span class='ocrx_word' id='word_1_223' title='bbox 108 2751 212 2812; x_wconf 88' lang='lat' dir='ltr'><strong>fessus</strong></span> <span class='ocrx_word' id='word_1_224' title='bbox 242 2750 341 2813; x_wconf 90' lang='lat' dir='ltr'><strong>fueris</strong></span> <span class='ocrx_word' id='word_1_225' title='bbox 368 2756 402 2813; x_wconf 90' lang='lat' dir='ltr'><strong>te</strong></span> <span class='ocrx_word' id='word_1_226' title='bbox 426 2752 493 2814; x_wconf 88' lang='lat' dir='ltr'><strong>fere</strong></span> <span class='ocrx_word' id='word_1_227' title='bbox 521 2752 646 2815; x_wconf 91' lang='lat' dir='ltr'><strong>duobus</strong></span> <span class='ocrx_word' id='word_1_228' title='bbox 675 2754 770 2814; x_wconf 91' lang='lat' dir='ltr'><strong>annis</strong></span> <span class='ocrx_word' id='word_1_229' title='bbox 794 2754 921 2835; x_wconf 87' lang='lat' dir='ltr'><strong>elapsis,</strong></span> <span class='ocrx_word' id='word_1_230' title='bbox 946 2753 1079 2814; x_wconf 93' lang='lat' dir='ltr'><strong>domum</strong></span> <span class='ocrx_word' id='word_1_231' title='bbox 1108 2754 1257 2836; x_wconf 90' lang='lat' dir='ltr'><strong>magistri</strong></span> 
     </span>
     <span class='ocr_line' id='line_1_26' title="bbox 108 2845 1258 2932; baseline 0.001 -22"><span class='ocrx_word' id='word_1_232' title='bbox 108 2847 130 2910; x_wconf 91' lang='lat' dir='ltr'><strong>J</strong></span> <span class='ocrx_word' id='word_1_233' title='bbox 131 2845 269 2908; x_wconf 91' lang='lat' dir='ltr'><strong>ohannis</strong></span> <span class='ocrx_word' id='word_1_234' title='bbox 284 2847 324 2909; x_wconf 92' lang='lat' dir='ltr'><strong>de</strong></span> <span class='ocrx_word' id='word_1_235' title='bbox 340 2848 443 2909; x_wconf 86' lang='lat' dir='ltr'><strong>Roma</strong></span> <span class='ocrx_word' id='word_1_236' title='bbox 457 2849 543 2930; x_wconf 91' lang='lat' dir='ltr'><strong>apud</strong></span> <span class='ocrx_word' id='word_1_237' title='bbox 566 2847 738 2930; x_wconf 90' lang='lat' dir='ltr'><strong>Neuthorp</strong></span> <span class='ocrx_word' id='word_1_238' title='bbox 753 2850 920 2932; x_wconf 91' lang='lat' dir='ltr'><strong>burgasse,</strong></span> <span class='ocrx_word' id='word_1_239' title='bbox 937 2855 970 2911; x_wconf 95' lang='lat' dir='ltr'><strong>et</strong></span> <span class='ocrx_word' id='word_1_240' title='bbox 992 2850 1115 2910; x_wconf 91' lang='lat' dir='ltr'><strong>ibidem</strong></span> <span class='ocrx_word' id='word_1_241' title='bbox 1131 2851 1258 2912; x_wconf 90' lang='lat' dir='ltr'><strong>circiter</strong></span> 
     </span>
     <span class='ocr_line' id='line_1_27' title="bbox 107 2942 1257 3026; baseline 0.003 -22"><span class='ocrx_word' id='word_1_242' title='bbox 107 2943 167 3004; x_wconf 82' lang='lat' dir='ltr'><strong>xls.</strong></span> <span class='ocrx_word' id='word_1_243' title='bbox 192 2942 283 3004; x_wconf 91' lang='lat' dir='ltr'><strong>sterl.</strong></span> <span class='ocrx_word' id='word_1_244' title='bbox 300 2942 411 3024; x_wconf 92' lang='lat' dir='ltr'><strong>ciphos</strong></span> <span class='ocrx_word' id='word_1_245' title='bbox 433 2950 615 3026; x_wconf 79' lang='lat' dir='ltr'><strong>argenteoS,</strong></span> <span class='ocrx_word' id='word_1_246' title='bbox 629 2965 764 3026; x_wconf 89' lang='lat' dir='ltr'><strong>pannos,</strong></span> <span class='ocrx_word' id='word_1_247' title='bbox 781 2950 815 3006; x_wconf 94' lang='lat' dir='ltr'><strong>et</strong></span> <span class='ocrx_word' id='word_1_248' title='bbox 837 2945 910 3020; x_wconf 89' lang='lat' dir='ltr'><strong>alia,</strong></span> <span class='ocrx_word' id='word_1_249' title='bbox 925 2952 1105 3026; x_wconf 84' lang='lat' dir='ltr'><strong>asportasse</strong></span> <span class='ocrx_word' id='word_1_250' title='bbox 1126 2945 1257 3023; x_wconf 86' lang='lat' dir='ltr'><strong>furtive,</strong></span> 
     </span>
     <span class='ocr_line' id='line_1_28' title="bbox 107 3038 1257 3124; baseline 0.003 -24"><span class='ocrx_word' id='word_1_251' title='bbox 107 3038 338 3120; x_wconf 88' lang='lat' dir='ltr'><strong>confessusque</strong></span> <span class='ocrx_word' id='word_1_252' title='bbox 368 3039 469 3101; x_wconf 90' lang='lat' dir='ltr'><strong>fueris</strong></span> <span class='ocrx_word' id='word_1_253' title='bbox 499 3046 533 3101; x_wconf 92' lang='lat' dir='ltr'><strong>te</strong></span> <span class='ocrx_word' id='word_1_254' title='bbox 563 3041 605 3102; x_wconf 92' lang='lat' dir='ltr'><strong>ad</strong></span> <span class='ocrx_word' id='word_1_255' title='bbox 635 3039 768 3103; x_wconf 87' lang='lat' dir='ltr'><strong>domurn</strong></span> <span class='ocrx_word' id='word_1_256' title='bbox 799 3041 904 3122; x_wconf 90' lang='lat' dir='ltr'><strong>ipsam</strong></span> <span class='ocrx_word' id='word_1_257' title='bbox 934 3039 1148 3103; x_wconf 89' lang='lat' dir='ltr'><strong>homicidium</strong></span> <span class='ocrx_word' id='word_1_258' title='bbox 1184 3063 1257 3124; x_wconf 91' lang='lat' dir='ltr'><strong>per-</strong></span> 
     </span>
     <span class='ocr_line' id='line_1_29' title="bbox 106 3134 1257 3218; baseline 0.004 -24"><span class='ocrx_word' id='word_1_259' title='bbox 106 3139 263 3216; x_wconf 90' lang='lat' dir='ltr'><strong>petrasse.</strong></span> <span class='ocrx_word' id='word_1_260' title='bbox 322 3135 372 3194; x_wconf 87' lang='lat' dir='ltr'><strong>Tu</strong></span> <span class='ocrx_word' id='word_1_261' title='bbox 399 3136 501 3195; x_wconf 89' lang='lat' dir='ltr'><strong>eciam</strong></span> <span class='ocrx_word' id='word_1_262' title='bbox 531 3134 695 3198; x_wconf 90' lang='lat' dir='ltr'><strong>Johannes</strong></span> <span class='ocrx_word' id='word_1_263' title='bbox 726 3137 766 3197; x_wconf 89' lang='lat' dir='ltr'><strong>de</strong></span> <span class='ocrx_word' id='word_1_264' title='bbox 797 3136 936 3215; x_wconf 87' lang='lat' dir='ltr'><strong>Fenton,</strong></span> <span class='ocrx_word' id='word_1_265' title='bbox 967 3139 1105 3218; x_wconf 92' lang='lat' dir='ltr'><strong>primam</strong></span> <span class='ocrx_word' id='word_1_266' title='bbox 1135 3137 1257 3200; x_wconf 90' lang='lat' dir='ltr'><strong>habens</strong></span> 
     </span>
     <span class='ocr_line' id='line_1_30' title="bbox 107 3230 1254 3314; baseline 0.005 -25"><span class='ocrx_word' id='word_1_267' title='bbox 107 3235 285 3307; x_wconf 88' lang='lat' dir='ltr'><strong>tonsuram,</strong></span> <span class='ocrx_word' id='word_1_268' title='bbox 301 3250 407 3291; x_wconf 93' lang='lat' dir='ltr'><strong>coram</strong></span> <span class='ocrx_word' id='word_1_269' title='bbox 421 3230 527 3308; x_wconf 88' lang='lat' dir='ltr'><strong>nobis,</strong></span> <span class='ocrx_word' id='word_1_270' title='bbox 542 3236 603 3294; x_wconf 88' lang='lat' dir='ltr'><strong>etc.</strong></span> <span class='ocrx_word' id='word_1_271' title='bbox 619 3236 654 3292; x_wconf 92' lang='lat' dir='ltr'><strong>te</strong></span> <span class='ocrx_word' id='word_1_272' title='bbox 669 3232 736 3293; x_wconf 89' lang='lat' dir='ltr'><strong>fere</strong></span> <span class='ocrx_word' id='word_1_273' title='bbox 752 3233 856 3294; x_wconf 89' lang='lat' dir='ltr'><strong>tribus</strong></span> <span class='ocrx_word' id='word_1_274' title='bbox 880 3235 973 3294; x_wconf 90' lang='lat' dir='ltr'><strong>annis</strong></span> <span class='ocrx_word' id='word_1_275' title='bbox 989 3234 1105 3314; x_wconf 92' lang='lat' dir='ltr'><strong>elapsis</strong></span> <span class='ocrx_word' id='word_1_276' title='bbox 1121 3235 1254 3296; x_wconf 87' lang='lat' dir='ltr'><strong>domum</strong></span> 
     </span>
     <span class='ocr_line' id='line_1_31' title="bbox 107 3325 1255 3410; baseline 0.007 -26"><span class='ocrx_word' id='word_1_277' title='bbox 107 3325 266 3386; x_wconf 92' lang='lat' dir='ltr'><strong>Willelmi</strong></span> <span class='ocrx_word' id='word_1_278' title='bbox 281 3327 445 3407; x_wconf 89' lang='lat' dir='ltr'><strong>praepositi</strong></span> <span class='ocrx_word' id='word_1_279' title='bbox 460 3327 500 3388; x_wconf 92' lang='lat' dir='ltr'><strong>de</strong></span> <span class='ocrx_word' id='word_1_280' title='bbox 516 3325 682 3389; x_wconf 87' lang='lat' dir='ltr'><strong>Drachton</strong></span> <span class='ocrx_word' id='word_1_281' title='bbox 704 3328 859 3410; x_wconf 87' lang='lat' dir='ltr'><strong>burgasse</strong></span> <span class='ocrx_word' id='word_1_282' title='bbox 883 3335 917 3390; x_wconf 91' lang='lat' dir='ltr'><strong>et</strong></span> <span class='ocrx_word' id='word_1_283' title='bbox 940 3329 1016 3390; x_wconf 90' lang='lat' dir='ltr'><strong>inde</strong></span> <span class='ocrx_word' id='word_1_284' title='bbox 1032 3349 1078 3390; x_wconf 89' lang='lat' dir='ltr'><strong>vs.</strong></span> <span class='ocrx_word' id='word_1_285' title='bbox 1095 3335 1129 3390; x_wconf 93' lang='lat' dir='ltr'><strong>et</strong></span> <span class='ocrx_word' id='word_1_286' title='bbox 1150 3329 1255 3392; x_wconf 89' lang='lat' dir='ltr'><strong>multa</strong></span> 
     </span>
     <span class='ocr_line' id='line_1_32' title="bbox 107 3420 1253 3507; baseline 0.004 -25"><span class='ocrx_word' id='word_1_287' title='bbox 107 3420 171 3482; x_wconf 92' lang='lat' dir='ltr'><strong>alia</strong></span> <span class='ocrx_word' id='word_1_288' title='bbox 185 3426 367 3502; x_wconf 87' lang='lat' dir='ltr'><strong>asportasse</strong></span> <span class='ocrx_word' id='word_1_289' title='bbox 381 3421 510 3484; x_wconf 86' lang='lat' dir='ltr'><strong>furtive.</strong></span> <span class='ocrx_word' id='word_1_290' title='bbox 555 3423 622 3484; x_wconf 91' lang='lat' dir='ltr'><strong>Nos</strong></span> <span class='ocrx_word' id='word_1_291' title='bbox 631 3423 837 3486; x_wconf 90' lang='lat' dir='ltr'><strong>advertentes</strong></span> <span class='ocrx_word' id='word_1_292' title='bbox 853 3426 989 3486; x_wconf 89' lang='lat' dir='ltr'><strong>crimina</strong></span> <span class='ocrx_word' id='word_1_293' title='bbox 1004 3423 1193 3507; x_wconf 90' lang='lat' dir='ltr'><strong>hujusmodi</strong></span> <span class='ocrx_word' id='word_1_294' title='bbox 1209 3427 1253 3488; x_wconf 90' lang='lat' dir='ltr'><strong>sic</strong></span> 
     </span>
     <span class='ocr_line' id='line_1_33' title="bbox 108 3518 1254 3606; baseline 0.006 -28"><span class='ocrx_word' id='word_1_295' title='bbox 108 3518 289 3594; x_wconf 90' lang='lat' dir='ltr'><strong>commissa,</strong></span> <span class='ocrx_word' id='word_1_296' title='bbox 305 3518 341 3579; x_wconf 90' lang='lat' dir='ltr'><strong>in</strong></span> <span class='ocrx_word' id='word_1_297' title='bbox 356 3518 523 3579; x_wconf 89' lang='lat' dir='ltr'><strong>infamiam</strong></span> <span class='ocrx_word' id='word_1_298' title='bbox 538 3519 643 3581; x_wconf 88' lang='lat' dir='ltr'><strong>tocius</strong></span> <span class='ocrx_word' id='word_1_299' title='bbox 658 3521 781 3581; x_wconf 90' lang='lat' dir='ltr'><strong>ordinis</strong></span> <span class='ocrx_word' id='word_1_300' title='bbox 804 3521 960 3582; x_wconf 90' lang='lat' dir='ltr'><strong>clericalis</strong></span> <span class='ocrx_word' id='word_1_301' title='bbox 975 3527 1010 3583; x_wconf 92' lang='lat' dir='ltr'><strong>et</strong></span> <span class='ocrx_word' id='word_1_302' title='bbox 1027 3522 1167 3605; x_wconf 86' lang='lat' dir='ltr'><strong>exempli</strong></span> <span class='ocrx_word' id='word_1_303' title='bbox 1181 3544 1254 3606; x_wconf 90' lang='lat' dir='ltr'><strong>per-</strong></span> 
     </span>
     <span class='ocr_line' id='line_1_34' title="bbox 107 3613 1255 3700; baseline 0.006 -27"><span class='ocrx_word' id='word_1_304' title='bbox 107 3614 228 3674; x_wconf 90' lang='lat' dir='ltr'><strong>niciem</strong></span> <span class='ocrx_word' id='word_1_305' title='bbox 243 3614 433 3690; x_wconf 89' lang='lat' dir='ltr'><strong>redundare,</strong></span> <span class='ocrx_word' id='word_1_306' title='bbox 448 3635 490 3676; x_wconf 92' lang='lat' dir='ltr'><strong>ne</strong></span> <span class='ocrx_word' id='word_1_307' title='bbox 512 3613 701 3698; x_wconf 90' lang='lat' dir='ltr'><strong>hujusmodi</strong></span> <span class='ocrx_word' id='word_1_308' title='bbox 723 3617 849 3699; x_wconf 90' lang='lat' dir='ltr'><strong>flagicia</strong></span> <span class='ocrx_word' id='word_1_309' title='bbox 864 3618 1091 3700; x_wconf 91' lang='lat' dir='ltr'><strong>dampnabilia,</strong></span> <span class='ocrx_word' id='word_1_310' title='bbox 1114 3639 1171 3700; x_wconf 90' lang='lat' dir='ltr'><strong>per</strong></span> <span class='ocrx_word' id='word_1_311' title='bbox 1193 3621 1255 3680; x_wconf 93' lang='lat' dir='ltr'><strong>im-</strong></span> 
     </span>
     <span class='ocr_line' id='line_1_35' title="bbox 108 3710 1254 3796; baseline 0.008 -27"><span class='ocrx_word' id='word_1_312' title='bbox 108 3710 269 3789; x_wconf 88' lang='lat' dir='ltr'><strong>punitatis</strong></span> <span class='ocrx_word' id='word_1_313' title='bbox 299 3710 477 3788; x_wconf 90' lang='lat' dir='ltr'><strong>audaciam,</strong></span> <span class='ocrx_word' id='word_1_314' title='bbox 508 3712 694 3793; x_wconf 84' lang='lat' dir='ltr'><strong>exemplum</strong></span> <span class='ocrx_word' id='word_1_315' title='bbox 723 3713 910 3795; x_wconf 91' lang='lat' dir='ltr'><strong>relinquant</strong></span> <span class='ocrx_word' id='word_1_316' title='bbox 938 3715 1010 3776; x_wconf 89' lang='lat' dir='ltr'><strong>aliis</strong></span> <span class='ocrx_word' id='word_1_317' title='bbox 1039 3717 1254 3796; x_wconf 90' lang='lat' dir='ltr'><strong>imposterum</strong></span> 
     </span>
     <span class='ocr_line' id='line_1_36' title="bbox 109 3805 1256 3888; baseline 0.007 -22"><span class='ocrx_word' id='word_1_318' title='bbox 109 3805 187 3866; x_wconf 91' lang='lat' dir='ltr'><strong>talia</strong></span> <span class='ocrx_word' id='word_1_319' title='bbox 202 3807 439 3883; x_wconf 88' lang='lat' dir='ltr'><strong>committendi,</strong></span> <span class='ocrx_word' id='word_1_320' title='bbox 455 3809 603 3870; x_wconf 88' lang='lat' dir='ltr'><strong>invocato</strong></span> <span class='ocrx_word' id='word_1_321' title='bbox 616 3808 737 3871; x_wconf 84' lang='lat' dir='ltr'><strong>Christi</strong></span> <span class='ocrx_word' id='word_1_322' title='bbox 749 3812 893 3888; x_wconf 87' lang='lat' dir='ltr'><strong>nomine,</strong></span> <span class='ocrx_word' id='word_1_323' title='bbox 902 3818 1023 3874; x_wconf 92' lang='lat' dir='ltr'><strong>vestras</strong></span> <span class='ocrx_word' id='word_1_324' title='bbox 1039 3814 1256 3875; x_wconf 89' lang='lat' dir='ltr'><strong>confessiones</strong></span> 
     </span>
     <span class='ocr_line' id='line_1_37' title="bbox 109 3900 1257 3989; baseline 0.007 -28"><span class='ocrx_word' id='word_1_325' title='bbox 109 3906 143 3962; x_wconf 90' lang='lat' dir='ltr'><strong>et</strong></span> <span class='ocrx_word' id='word_1_326' title='bbox 173 3900 408 3964; x_wconf 88' lang='lat' dir='ltr'><strong>confessionem</strong></span> <span class='ocrx_word' id='word_1_327' title='bbox 433 3903 610 3986; x_wconf 90' lang='lat' dir='ltr'><strong>cujuslibet</strong></span> <span class='ocrx_word' id='word_1_328' title='bbox 636 3912 782 3968; x_wconf 90' lang='lat' dir='ltr'><strong>vestrum</strong></span> <span class='ocrx_word' id='word_1_329' title='bbox 811 3929 918 3970; x_wconf 91' lang='lat' dir='ltr'><strong>coram</strong></span> <span class='ocrx_word' id='word_1_330' title='bbox 948 3909 1041 3970; x_wconf 91' lang='lat' dir='ltr'><strong>nobis</strong></span> <span class='ocrx_word' id='word_1_331' title='bbox 1071 3910 1107 3969; x_wconf 92' lang='lat' dir='ltr'><strong>in</strong></span> <span class='ocrx_word' id='word_1_332' title='bbox 1131 3908 1257 3989; x_wconf 89' lang='lat' dir='ltr'><strong>judicio</strong></span> 
     </span>
     <span class='ocr_line' id='line_1_38' title="bbox 108 3997 1257 4084; baseline 0.007 -26"><span class='ocrx_word' id='word_1_333' title='bbox 108 3997 207 4059; x_wconf 86' lang='lat' dir='ltr'><strong>factas</strong></span> <span class='ocrx_word' id='word_1_334' title='bbox 223 4003 259 4059; x_wconf 92' lang='lat' dir='ltr'><strong>et</strong></span> <span class='ocrx_word' id='word_1_335' title='bbox 280 3997 399 4061; x_wconf 88' lang='lat' dir='ltr'><strong>factam</strong></span> <span class='ocrx_word' id='word_1_336' title='bbox 423 4002 536 4079; x_wconf 90' lang='lat' dir='ltr'><strong>secuti,</strong></span> <span class='ocrx_word' id='word_1_337' title='bbox 557 4021 613 4063; x_wconf 90' lang='lat' dir='ltr'><strong>vos</strong></span> <span class='ocrx_word' id='word_1_338' title='bbox 630 4007 664 4064; x_wconf 89' lang='grc'><strong>61</strong></span> <span class='ocrx_word' id='word_1_339' title='bbox 686 4004 867 4084; x_wconf 90' lang='lat' dir='ltr'><strong>quemlibet</strong></span> <span class='ocrx_word' id='word_1_340' title='bbox 890 4010 1034 4067; x_wconf 86' lang='lat' dir='ltr'><strong>vestrum</strong></span> <span class='ocrx_word' id='word_1_341' title='bbox 1058 4005 1199 4066; x_wconf 89' lang='lat' dir='ltr'><strong>finaliter</strong></span> <span class='ocrx_word' id='word_1_342' title='bbox 1223 4011 1257 4066; x_wconf 89' lang='lat' dir='ltr'><strong>et</strong></span> 
     </span>
     <span class='ocr_line' id='line_1_39' title="bbox 109 4094 1257 4182; baseline 0.007 -28"><span class='ocrx_word' id='word_1_343' title='bbox 109 4094 282 4156; x_wconf 90' lang='lat' dir='ltr'><strong>diffinitive</strong></span> <span class='ocrx_word' id='word_1_344' title='bbox 298 4095 339 4156; x_wconf 92' lang='lat' dir='ltr'><strong>ab</strong></span> <span class='ocrx_word' id='word_1_345' title='bbox 355 4098 443 4158; x_wconf 92' lang='lat' dir='ltr'><strong>omni</strong></span> <span class='ocrx_word' id='word_1_346' title='bbox 460 4097 562 4160; x_wconf 90' lang='lat' dir='ltr'><strong>officio</strong></span> <span class='ocrx_word' id='word_1_347' title='bbox 579 4105 613 4160; x_wconf 90' lang='lat' dir='ltr'><strong>et</strong></span> <span class='ocrx_word' id='word_1_348' title='bbox 639 4099 796 4162; x_wconf 89' lang='lat' dir='ltr'><strong>beneficio</strong></span> <span class='ocrx_word' id='word_1_349' title='bbox 820 4101 1038 4163; x_wconf 87' lang='lat' dir='ltr'><strong>ecclesiastico</strong></span> <span class='ocrx_word' id='word_1_350' title='bbox 1053 4101 1257 4182; x_wconf 87' lang='lat' dir='ltr'><strong>deponimus,</strong></span> 
     </span>
    </p>
   </div>
   <div class='ocr_carea' id='block_1_14' title="bbox 110 4252 1259 4486">
    <p class='ocr_par' dir='ltr' id='par_1_14' title="bbox 110 4252 1259 4486">
     <span class='ocr_line' id='line_1_40' title="bbox 162 4252 1259 4330; baseline 0.009 -27"><span class='ocrx_word' id='word_1_351' title='bbox 162 4253 204 4322; x_wconf 81' lang='lat' dir='ltr'><strong>(l)</strong></span> <span class='ocrx_word' id='word_1_352' title='bbox 226 4252 275 4323; x_wconf 88' lang='lat'><strong>(80</strong></span> <span class='ocrx_word' id='word_1_353' title='bbox 288 4255 327 4322; x_wconf 80' lang='lat' dir='ltr'><strong>v.)</strong></span> <span class='ocrx_word' id='word_1_354' title='bbox 341 4255 370 4306; x_wconf 77' lang='lat' dir='ltr'><strong>ia</strong></span> <span class='ocrx_word' id='word_1_355' title='bbox 382 4257 509 4324; x_wconf 77' lang='lat' dir='ltr'><strong>marpiae.</strong></span> <span class='ocrx_word' id='word_1_356' title='bbox 547 4256 752 4311; x_wconf 89' lang='lat' dir='ltr'><strong>Memorandum</strong></span> <span class='ocrx_word' id='word_1_357' title='bbox 765 4259 836 4328; x_wconf 89' lang='lat' dir='ltr'><strong>quod</strong></span> <span class='ocrx_word' id='word_1_358' title='bbox 848 4260 963 4330; x_wconf 88' lang='lat' dir='ltr'><strong>quilibet</strong></span> <span class='ocrx_word' id='word_1_359' title='bbox 975 4260 1160 4328; x_wconf 86' lang='lat' dir='ltr'><strong>degradandus</strong></span> <span class='ocrx_word' id='word_1_360' title='bbox 1168 4277 1259 4330; x_wconf 90' lang='lat' dir='ltr'><strong>super-</strong></span> 
     </span>
     <span class='ocr_line' id='line_1_41' title="bbox 110 4329 1256 4410; baseline 0.008 -27"><span class='ocrx_word' id='word_1_361' title='bbox 110 4329 213 4400; x_wconf 89' lang='lat' dir='ltr'><strong>pillicco</strong></span> <span class='ocrx_word' id='word_1_362' title='bbox 231 4336 290 4384; x_wconf 87' lang='lat' dir='ltr'><strong>erat</strong></span> <span class='ocrx_word' id='word_1_363' title='bbox 308 4332 427 4400; x_wconf 84' lang='lat' dir='ltr'><strong>indutus,</strong></span> <span class='ocrx_word' id='word_1_364' title='bbox 441 4342 468 4388; x_wconf 91' lang='lat' dir='ltr'><strong>et</strong></span> <span class='ocrx_word' id='word_1_365' title='bbox 486 4343 618 4406; x_wconf 86' lang='lat' dir='ltr'><strong>praeterea</strong></span> <span class='ocrx_word' id='word_1_366' title='bbox 635 4337 665 4389; x_wconf 93' lang='lat' dir='ltr'><strong>in</strong></span> <span class='ocrx_word' id='word_1_367' title='bbox 683 4337 903 4407; x_wconf 85' lang='lat' dir='ltr'><strong>degradacionem</strong></span> <span class='ocrx_word' id='word_1_368' title='bbox 920 4347 1035 4392; x_wconf 84' lang='lat' dir='ltr'><strong>excutus</strong></span> <span class='ocrx_word' id='word_1_369' title='bbox 1050 4340 1110 4409; x_wconf 81' lang='lat' dir='ltr'><strong>(sic)</strong></span> <span class='ocrx_word' id='word_1_370' title='bbox 1130 4357 1177 4410; x_wconf 90' lang='lat' dir='ltr'><strong>per</strong></span> <span class='ocrx_word' id='word_1_371' title='bbox 1196 4379 1202 4393; x_wconf 93' lang='lat'><strong>.</strong></span> <span class='ocrx_word' id='word_1_372' title='bbox 1223 4380 1229 4396; x_wconf 93' lang='lat'><em>.</em></span> <span class='ocrx_word' id='word_1_373' title='bbox 1250 4378 1256 4392; x_wconf 88' lang='lat'>.</span> 
     </span>
     <span class='ocr_line' id='line_1_42' title="bbox 111 4409 1257 4486; baseline 0.009 -23"><span class='ocrx_word' id='word_1_374' title='bbox 111 4409 337 4482; x_wconf 79' lang='lat' dir='ltr'><strong>archiepiscopum</strong></span> <span class='ocrx_word' id='word_1_375' title='bbox 348 4415 547 4483; x_wconf 79' lang='lat' dir='ltr'><strong>pontificalibus</strong></span> <span class='ocrx_word' id='word_1_376' title='bbox 560 4415 695 4486; x_wconf 84' lang='lat' dir='ltr'><strong>indutum,</strong></span> <span class='ocrx_word' id='word_1_377' title='bbox 708 4416 759 4471; x_wconf 88' lang='lat' dir='ltr'><strong>sub</strong></span> <span class='ocrx_word' id='word_1_378' title='bbox 771 4418 823 4471; x_wconf 85' lang='lat' dir='ltr'><strong>hiis</strong></span> <span class='ocrx_word' id='word_1_379' title='bbox 836 4417 933 4486; x_wconf 82' lang='lat' dir='ltr'><strong>verbis,</strong></span> <span class='ocrx_word' id='word_1_380' title='bbox 946 4418 1192 4485; x_wconf 81' lang='lat' dir='ltr'><strong>Exauctorizamus,</strong></span> <span class='ocrx_word' id='word_1_381' title='bbox 1205 4425 1257 4474; x_wconf 84' lang='lat' dir='ltr'><strong>etc.</strong></span> 
     </span>
    </p>
   </div>
   <div class='ocr_carea' id='block_1_15' title="bbox 0 0 1542 5032">
    <p class='ocr_par' dir='ltr' id='par_1_15' title="bbox 0 0 1542 5032">
     <span class='ocr_line' id='line_1_43' title="bbox 0 0 1542 5032; baseline 0 0"><span class='ocrx_word' id='word_1_382' title='bbox 0 0 1542 5032; x_wconf 95' lang='lat' dir='ltr'><strong> </strong></span> 
     </span>
    </p>
   </div>
  </div>
 </body>
</html>
