3068 5024
290 302 462 364 EXTRAOTS
487 302 585 354 FROM
611 301 707 354 YORK
733 302 944 368 nuulsrnns3
971 301 1076 354 GRAY.

102 475 211 556 portio
239 493 259 534 a
287 471 550 553 praestationibus
579 475 614 533 et
643 471 932 534 consuetudinibus
963 469 1195 553 episcopalibus
1219 471 1254 531 et

105 567 412 631 archidiaconalibus
438 567 541 628 libera
565 569 607 628 sit
635 572 669 629 et
694 568 861 630 immunis.
907 568 959 629 Ita
983 571 1096 629 tamen
1114 565 1199 648 quod
1217 565 1253 626 in
1278 578 1391 649 nesewa.

107 665 253 748 ejusdem
273 662 473 746 parochianis
497 664 583 725 salva
603 663 696 725 nobis
720 664 762 725 sit
782 668 817 725 et
833 663 1069 725 successoribus
1085 661 1202 724 nostris
1218 666 1253 722 et
1275 639 1401 756 Jfflff

107 761 227 824 arehid’
264 781 454 822 excessuum
490 761 646 822 correctio
675 758 742 843 (et)
772 760 916 842 plenaria
949 759 1145 842 jurisdictio,
1175 778 1254 840 quas
1279 756 1338 803 tion.

108 859 255 941 ejusdem
271 857 412 919 ecclesiae
427 856 584 938 capellani
599 854 839 934 archidiaconis,
850 856 1048 932 officialibus,
1058 855 1109 916 vel
1125 855 1255 916 decanis

108 956 238 1031 nostris,
268 953 478 1027 denuncient,
501 953 707 1034 ipsorumque
730 952 901 1029 mandatis,
932 951 1198 1028 invocationibus,
1221 953 1257 1010 et

109 1049 328 1112 coercionibus
343 1048 497 1109 faciendis
510 1053 694 1110 reverenter
709 1052 843 1130 pareant
857 1054 892 1110 et
906 1048 1034 1109 devote.
1065 1048 1105 1109 In
1120 1047 1257 1128 propriis

108 1151 219 1207 autem
235 1146 337 1226 ipsius
360 1146 516 1225 portionis
539 1141 724 1206 hominibus
747 1145 1007 1226 candensquam
1029 1142 1099 1204 aliae
1116 1142 1258 1204 ecclesias

110 1239 226 1322 Ripon’
251 1240 430 1322 praebendae
454 1237 588 1316 habent,
612 1241 819 1300 concedimus
843 1236 1058 1322 libertatem}
1105 1229 1196 1311 Quod
1220 1241 1260 1297 ut

110 1343 229 1413 ratum,
254 1341 316 1397 etc.
341 1333 393 1420 [et
416 1335 531 1397 stabile
553 1341 738 1417 perseveret
758 1337 792 1396 in
813 1340 990 1417 posterum,
1006 1354 1146 1417 praesens
1164 1335 1261 1413 scripa

110 1438 183 1494 tum
201 1432 307 1514 sigillo
322 1434 442 1506 nostro,
458 1451 611 1493 unacum
630 1431 735 1513 sigillo
749 1431 883 1512 capituli
899 1432 1005 1507 Ebor,
1021 1430 1156 1491 fecimus
1171 1450 1261 1491 corn-

110 1525 262 1614 muniri].
306 1528 427 1589 Actum
449 1533 617 1608 utsupra.
663 1529 760 1589 Teste
777 1533 815 1589 ut
832 1547 937 1608 supra.
986 1525 1098 1611 [Teste
1115 1525 1262 1608 ejusdem

112 1627 254 1688 ecclesiae
270 1625 421 1706 capitulo,
466 1626 585 1686 Actum
601 1626 636 1686 in
651 1625 772 1707 majore
788 1620 922 1687 ecclesia
938 1625 1045 1702 libor,
1061 1625 1105 1688 id.
1122 1625 1263 1685 Novem-

112 1723 191 1800 bris,
206 1742 290 1783 anno
306 1721 439 1782 Domini
455 1729 502 1781 m⁰
518 1729 567 1782 cc⁰
583 1718 775 1805 tricesimo]

182 1913 351 1990 Omnibus,
369 1917 431 1974 etc.
478 1912 528 1974 W.
547 1913 657 1974 divina
672 1913 893 1992 miseracione,
917 1918 980 1978 etc.
1025 1913 1189 1976 Noveritis
1205 1933 1262 1974 nos
1289 1925 1360 1989 (239)

114 2012 319 2098 ordinacione
343 2030 406 2091 qua
428 2008 595 2070 ecclesiam
619 2009 659 2070 de
684 2009 903 2093 Stainwegges
926 2010 1132 2091 praebendam
1148 2007 1264 2091 Ripon'
1288 1987 1417 2106 ξὲζῇξὲἳ·

114 2107 257 2168 ecclesiae
279 2105 521 2181 constituimnS,
537 2125 573 2165 ac
596 2105 840 2166 immunitatem
863 2125 898 2167 ac
920 2104 1108 2167 libertatern
1123 2105 1173 2166 illi
1188 2126 1261 2186 con·
1292 2131 1374 2176 Stein-

114 2223 247 2278 cessam,
259 2199 488 2262 Archidiacono
500 2198 645 2263 Richem.
662 2201 719 2282 qni
734 2222 791 2282 pro
806 2204 951 2283 ternpore
962 2194 1074 2278 fuerit,
1085 2222 1263 2263 reservasse
1290 2205 1377 2249 weyyes.

114 2301 149 2359 in
176 2296 333 2379 parochiis
363 2286 524 2378 praedictae
555 2296 708 2374 ecclesiae,
739 2298 882 2379 exeeptis
911 2299 1047 2379 propriis
1077 2295 1263 2358 hominibus
1289 2270 1444 2376 ,Tfhsetfflffisslss

114 2395 217 2475 ipsius
247 2392 399 2468 ecclesiae,
424 2413 612 2452 excessuum
642 2394 874 2454 eorreccionem
905 2397 939 2453 et
965 2392 1142 2475 plenariam
1163 2386 1264 2474 jurisa
1290 2391 1393 2505 3ξὲξῶ
1404 2449 1429 2493 in

114 2491 304 2565 diceionem,
320 2509 458 2571 quorum
482 2509 629 2549 excessus
652 2488 809 2570 capellani
833 2480 980 2570 ejusdem
1004 2489 1145 2550 ecclesiae
1161 2486 1264 2550 archi·
1290 2507 1445 2565 renonent

115 2585 258 2646 diaconis
280 2589 315 2646 et
335 2604 447 2645 eornm
468 2584 655 2652 officialibus
675 2590 772 2666 atque
796 2585 926 2646 decanis
947 2585 1159 2661 denuncient,
1181 2587 1265 2666 ipso-
1291 2567 1438 2612 reservaras

116 2701 253 2762 rumque
269 2680 441 2757 mandatiS,
457 2680 726 2759 invocacionibus,
738 2686 773 2742 et
788 2679 1029 2742 choercionibus
1045 2673 1201 2743 faciendis
1215 2689 1265 2743 're-
1291 2686 1391 2755 reasons
1402 2685 1429 2728 0f

116 2781 268 2837 verenter
290 2780 425 2858 pareant
445 2781 479 2837 et
494 2777 620 2838 devote.
667 2776 758 2850 Quod
774 2797 815 2838 ne
831 2770 1048 2857 inposterum
1064 2781 1209 2839 vertatur
1230 2780 1266 2839 in
1292 2744 1450 2790 brennone..

116 2873 266 2951 dubium,
289 2873 442 2954 praesenti
473 2873 592 2953 scripto
622 2878 733 2934 nostro
763 2867 797 2933 id
827 2866 979 2934 duximus
1009 2866 1265 2954 protestandurn.

117 2968 193 3030 Dat.
210 2969 295 3051 apud
310 2969 405 3048 Torp,
421 2966 525 3049 pridie
541 2967 604 3030 kal.
622 2967 750 3029 Octobr.
767 2982 852 3029 anno
867 2967 958 3050 xvij0.

185 3161 368 3224 Consimilis
383 3159 609 3242 indulgencia¹
626 3179 774 3221 concessa
789 3164 839 3221 est
862 3159 1002 3222 ecclesiae
1025 3161 1150 3243 Ripon',
1165 3153 1268 3224 archi·
1294 3181 1413 3286 (svis)123³
1508 3199 1511 3202 ·

1294 3252 1344 3286 An).
1416 3274 1422 3286 .

173 3312 216 3380 (l)
237 3310 302 3363 This
315 3309 398 3363 refers
409 3315 439 3362 to
457 3327 491 3363 an
510 3309 668 3380 indulgence
680 3309 722 3363 for
735 3309 898 3378 Southwell,
912 3310 1018 3381 printed
1032 3311 1060 3365 in
1072 3311 1170 3382 Raine,
1183 3331 1208 3384 p.
1223 3315 1266 3383 64,
1293 3299 1354 3346 ΝΜ·
1365 3300 1402 3346 ²⁷·

118 3409 149 3445 ss
158 3390 264 3444 follows
272 3391 324 3442 :--‘
332 3387 474 3442 ccclxxvii.
500 3385 587 3456 Toni,
600 3389 679 3442 skal.
691 3389 755 3442 Dec.
764 3389 907 3445 xia—W.
918 3390 969 3443 Dei
978 3390 1076 3461 gretia,
1085 3400 1147 3461 ete,
1157 3411 1268 3447 venera-

117 3469 219 3525 bilibus
247 3467 376 3521 frstribus
399 3467 530 3539 episcopis
554 3474 582 3521 et
605 3467 712 3521 dilectis
735 3467 809 3536 filiis,
834 3468 965 3530 universis
988 3470 1191 3538 archidiaconis,
1216 3479 1267 3527 etc.

118 3548 264 3614 Quoniam,
276 3553 308 3600 ut
326 3546 365 3600 ait
382 3547 540 3616 Apostolus,
552 3564 643 3600 omnes
661 3541 792 3599 stabimus
812 3553 873 3600 ante
891 3546 1009 3602 tribunal
1021 3543 1123 3603 Christi
1134 3537 1268 3622 recepturi

118 3634 201 3700 prout
213 3626 240 3679 in
254 3643 363 3696 corpore
381 3625 519 3695 gessimus,
531 3625 587 3678 sive
604 3625 704 3679 bonum
717 3622 800 3678 fuerit
818 3626 874 3680 sive
892 3628 1003 3695 malum,
1016 3635 1123 3698 oportet
1134 3648 1183 3683 nos
1196 3632 1267 3684 diem

120 3705 260 3760 messionis
272 3710 401 3758 extremae
414 3704 604 3758 misericordia
623 3704 749 3774 operibus
767 3704 921 3775 praevenire,
935 3722 967 3758 ac
985 3712 1147 3761 aeternorum
1165 3709 1267 3763 intuitu

119 3785 248 3840 seminare
261 3782 373 3836 interris
385 3783 465 3853 quod,
478 3783 606 3836 reddente
619 3782 744 3849 Domino,
755 3800 818 3836 cum
827 3784 1007 3855 multiplicato
1018 3785 1108 3838 fructu
1115 3789 1267 3858 recolligere

119 3864 265 3918 debeamus
278 3861 398 3915 incaelis.
418 3861 486 3914 Cum
497 3860 581 3931 igitur
589 3861 732 3914 facultates
741 3860 860 3914 ecclesiae
872 3861 981 3915 Suwell'
990 3864 1025 3917 sd
1036 3864 1149 3935 inceptae
1163 3866 1267 3920 dudum

119 3943 232 3998 fabricae
251 3941 507 3995 consummationem
525 3957 579 3993 non
597 3939 741 4006 sufficiant,
759 3957 791 3992 ac
809 3940 935 3992 dominus
953 3958 1022 4010 papa
1036 3943 1157 3995 omnibus
1169 3945 1216 4014 qui
1235 3947 1267 3999 de

118 4022 197 4078 bonis
209 4020 259 4073 sibi
274 4038 290 4072 a
308 4020 365 4072 Deo
384 4018 489 4071 collatis
507 4019 541 4071 ad
560 4018 785 4071 constructionem
803 4018 884 4093 dictes
903 4018 1013 4072 fabricae
1031 4027 1110 4090 grata
1123 4021 1266 4095 [subsidia]

119 4101 314 4171 impenderent,
338 4097 465 4151 confessis
482 4102 509 4151 et
528 4115 591 4152 vere
609 4097 813 4167 poenitentibus,
832 4096 931 4167 viginti
950 4097 1006 4150 dies
1025 4099 1058 4151 de
1076 4099 1199 4171 injuncta
1217 4103 1268 4156 sibi
1343 4148 1345 4151 .

119 4178 280 4252 poenitentia
291 4176 460 4243 relaxaverit,
478 4174 706 4247 u[niversitatem]
720 4181 839 4230 vestram
851 4175 1003 4246 ro[gamus]
1017 4182 1120 4232 attente
1132 4185 1160 4232 et
1171 4182 1269 4236 exhor-

121 4257 238 4333 [tsmnr]
264 4256 291 4309 in
317 4255 433 4309 Domino
457 4260 591 4326 qnatenus
616 4254 739 4308 subditos
762 4261 865 4308 vestros
889 4253 1047 4328 mo[neatis]
1072 4264 1101 4311 et
1124 4259 1269 4315 efficaciter

119 4336 262 4404 inducatis,
275 4343 307 4390 ut
319 4337 352 4390 de
368 4335 445 4390 bonis
457 4334 508 4389 sibi
526 4354 542 4389 a
560 4335 617 4389 Deo
629 4335 736 4388 collatis
748 4335 805 4406 piae
818 4333 1003 4407 elem[osines]
1016 4342 1044 4390 et
1055 4344 1134 4408 grata
1145 4339 1268 4396 caritatis

121 4417 240 4474 subsidia
252 4415 286 4470 ed
298 4415 349 4470 hoc
358 4414 485 4469 studeant
496 4430 614 4485 erogare,
627 4421 659 4468 ut
671 4433 718 4486 per
730 4413 933 4468 subventionem
945 4431 1023 4468 susm
1034 4433 1102 4486 opus
1111 4417 1268 4490 hujusmodi

674 4508 721 4557 1³2

1291 2629 1317 2670 to
1328 2627 1369 2670 the
1377 2626 1433 2670 arch
1476 2630 1496 2645 ³
