3068 5024
20 32 236 224 s

116 326 163 400 42
220 403 223 407 ,
647 343 855 395 unnomlns
881 337 925 394 ou
952 343 1071 394 airon.

288 512 426 575 Roberto
442 513 482 574 de
505 509 709 593 Nunnewyk,
725 510 896 589 militibus„
912 532 948 572 ac
970 512 1132 594 magistris
1156 511 1236 594 Reg.
1254 511 1294 573 de
1318 511 1436 574 Sancto

288 609 423 687 Albano,
439 609 490 670 W.
506 609 546 674 dc
563 608 749 686 Beuerlaco,
765 610 800 668 et
814 607 928 668 multis
943 606 1037 669 aliis?

117 779 174 840 (94)
354 761 490 822 Dilectis
505 761 540 821 in
557 759 684 822 Christo
700 759 776 819 filiis
800 804 808 820 .
833 805 841 821 .
865 759 1007 840 capitulo
1022 764 1133 821 nostro
1149 760 1274 841 Rypon’
1287 760 1436 838 salutem,

116 851 175 944 1⁴33,
175 898 211 943 ,3¹
288 858 441 940 graciam,
457 863 493 918 et
507 856 778 919 benediccionem.
825 855 1037 936 Sequestrum
1059 857 1250 934 auctoritate
1267 862 1379 917 nostra
1400 857 1437 916 in

20 963 23 970 '
117 956 205 1004 Feb-6·
288 953 447 1014 fructibus
463 958 497 1014 et
520 950 729 1034 proventibus
746 951 924 1033 praebendae
947 951 1071 1012 domini
1094 950 1252 1013 Johannis
1267 953 1308 1014 de
1331 953 1438 1013 Bene-

116 1040 242 1086 numae
263 1102 266 1110 .
289 1051 360 1112 sted
387 1072 444 1132 pro
467 1071 532 1112 non
554 1050 734 1110 residencia
757 1069 814 1109 sua
829 1053 862 1109 et
887 1050 1075 1134 dimissione
1099 1050 1280 1130 praebendae
1305 1071 1371 1110 suae
1395 1050 1437 1112 ad

116 1101 226 1159 sequestri

116 1159 268 1229 infractibus
288 1147 414 1207 firmam
441 1145 673 1227 interpositum
699 1145 861 1206 relaxetis
917 1145 1009 1218 Quod
1039 1146 1142 1206 eciam
1172 1167 1228 1227 pro
1254 1146 1437 1209 defectibus

116 1223 261 1321 {mm
289 1244 460 1304 domorum
490 1243 592 1323 ipsius
629 1241 809 1322 praebendae
839 1262 943 1322 nuper
972 1243 1166 1303 auctoritate
1194 1247 1305 1303 nostra
1331 1242 1438 1303 inter·

116 1335 180 1439 {iffi
195 1334 267 1380 Bene-
288 1339 444 1420 positum,
461 1337 521 1399 hac
536 1339 605 1398 vice
621 1338 661 1399 de
678 1337 809 1417 speciali
832 1339 938 1420 gracia
952 1337 1142 1398 relaxamus.
1186 1337 1312 1400 Valet'e.
1359 1337 1436 1400 Dat.

288 1434 375 1516 apud
391 1434 512 1497 Cawod.
529 1432 584 1516 viij
603 1432 652 1495 Id.
669 1433 765 1495 Febr.
779 1438 871 1515 pont.
887 1434 990 1495 nostri
1004 1453 1089 1494 anno
1105 1434 1213 1496 terci0.

118 1620 160 1680 (95
172 1621 206 1680 a.)
354 1595 505 1672 Thomas,
519 1595 583 1676 Dei
604 1596 723 1678 gracia,
738 1600 801 1657 etc.
818 1595 937 1656 dilecto
960 1594 994 1654 in
1012 1591 1139 1656 Christo
1159 1594 1227 1656 filio
1251 1641 1259 1656 .
1284 1641 1292 1657 .
1316 1595 1439 1657 decano

113 1694 176 1799 ᾗ
180 1682 245 1785 12303·
288 1690 416 1755 Richm’
443 1691 593 1768 salutem,
619 1691 770 1773 graciam,
786 1694 818 1751 et
836 1689 1114 1752 benediccionem.
1161 1690 1244 1763 Quia
1265 1691 1439 1752 Edmundo

116 1773 213 1868 Procla-
288 1790 329 1852 de
344 1787 517 1869 Whateby,
533 1788 659 1863 clerico,
677 1806 772 1867 supra
794 1785 873 1846 furti
888 1787 1023 1846 crimine
1047 1787 1081 1846 in
1097 1785 1165 1847 foro
1189 1787 1329 1848 saeculari
1345 1786 1439 1848 diffa-
1520 1867 1522 1870 Ι

116 1883 188 1926 macro
201 1897 268 1952 aper
288 1891 388 1962 mato,
404 1886 457 1947 die
472 1884 608 1946 Veneris
624 1885 660 1944 in
683 1883 822 1943 crastino
837 1883 997 1944 ‘instantis
1020 1883 1224 1969 Ascensionis
1248 1884 1438 1959 Dominicae,

114 1955 253 2044 mm?
288 1983 329 2044 ad
354 1981 558 2064 purgandum
590 2001 622 2040 se
646 1980 798 2054 canonice
821 1999 926 2039 coram
953 1979 1045 2040 nobis
1070 1979 1122 2040 vel
1146 2025 1153 2042 .
1178 2025 1186 2041 .
1211 1980 1438 2041 commissariis

114 2057 269 2163 fflilfmll
289 2079 408 2140 nostris
432 2079 468 2137 in
489 2081 599 2138 nostra
625 2074 741 2156 Ripon'
755 2075 892 2136 ecclesia
915 2076 1148 2157 assignavimus
1173 2097 1268 2158 super
1292 2076 1359 2154 illc,
1375 2076 1438 2138 tibi

289 2176 480 2242 mandamus
512 2173 666 2255 quatinus
693 2172 738 2247 id,
763 2176 832 2231 tam
858 2172 892 2231 in
922 2172 1072 2233 mercatis
1104 2177 1138 2234 et
1168 2173 1243 2234 foris
1275 2193 1372 2254 quam
1403 2173 1439 2233 in

290 2270 430 2336 ecclesiis
455 2274 489 2330 et
515 2269 592 2330 locis
615 2267 775 2349 pupplicis
800 2267 871 2328 aliis
903 2288 959 2348 per
985 2273 1092 2329 totum
1119 2269 1311 2335 decanatum
1341 2275 1439 2331 tuum

288 2365 385 2427 facias
407 2364 597 2446 pupplicari,
613 2363 837 2424 denunciando
861 2363 1071 2444 solempniter
1086 2365 1172 2445 quod
1198 2365 1224 2426 si
1249 2365 1321 2446 quis
1346 2365 1439 2445 quic-

289 2482 386 2544 quam
413 2460 542 2542 justum
572 2479 748 2540 proponere
776 2459 924 2536 voluerit,
951 2460 1125 2540 quominus
1147 2460 1187 2521 ad
1210 2460 1440 2521 admissionem

289 2557 494 2641 purgacionis
518 2557 679 2638 praedictae
705 2555 875 2636 procedere
903 2554 1089 2633 debeamuS,
1112 2557 1209 2618 dictis
1233 2557 1287 2619 die
1314 2562 1349 2619 et
1369 2557 1440 2619 loco

290 2672 477 2734 comparens
492 2656 653 2732 quatenus
676 2651 866 2712 canonicum
882 2649 981 2711 fuerit
1004 2671 1079 2711 cum
1106 2651 1345 2734 complemento
1367 2651 1441 2734 jus-

289 2750 375 2811 ticiae
391 2749 551 2809 audietur.
596 2746 641 2807 Et
656 2751 694 2808 ut
711 2747 819 2807 tucius
834 2746 870 2806 in
885 2747 1019 2828 negocio
1034 2744 1222 2829 hujusmodi
1236 2747 1440 2830 procedatur,

291 2865 387 2925 super
402 2846 481 2921 vita,
496 2843 749 2920 conversacione,
765 2848 799 2903 et
814 2842 957 2903 moribus
972 2842 1228 2921 dicticlerici,ct
1242 2844 1336 2905 ande
1352 2844 1441 2906 dicto

290 2940 425 3002 crimine
463 2941 505 3001 sit
542 2938 723 3020 culpabilis,
753 2938 930 3020 diligenter
968 2939 1122 3020 inquiras.
1182 2939 1313 3020 Nosque
1344 2960 1441 3022 super

294 3033 482 3119 hujusmodi
496 3036 690 3097 execucione
706 3035 862 3110 mandati,
879 3039 913 3095 et
928 3035 1082 3116 quicquid
1098 3036 1261 3098 inveneris
1276 3041 1310 3097 et
1325 3033 1442 3097 feceris

291 3133 329 3193 in
343 3131 527 3214 praemissiS,
548 3132 629 3192 citra
644 3130 733 3191 diem
755 3129 910 3191 certifices
933 3150 991 3211 per
1007 3121 1079 3191 tuas
1094 3136 1244 3212 patentes
1261 3136 1295 3193 et
1316 3123 1442 3194 clausas

290 3229 403 3290 literas
430 3225 545 3288 harum
573 3226 689 3309 seriem
713 3227 928 3287 continentes.
973 3227 1065 3288 Vale.
1112 3227 1185 3289 Dat.
1202 3226 1287 3308 apud
1314 3225 1440 3291 Cawod.

292 3323 323 3406 vj
342 3323 373 3384 N
375 3344 426 3386 on.
444 3324 535 3399 Maii,
551 3329 641 3404 pont.
658 3323 759 3383 nostri
775 3342 860 3383 anno
875 3328 1000 3402 quartu.

120 3483 208 3565 (aas.)
358 3483 606 3544 Memorandum
642 3484 728 3566 quod
757 3484 811 3544 die
841 3483 977 3545 Veneris
1002 3485 1037 3545 in
1067 3486 1206 3546 crastino
1236 3485 1441 3548 Ascensionis

119 3565 248 3682 ᾒξ)1ξ7()3·
292 3578 479 3656 Dominicae,
496 3578 647 3640 videlicet·
662 3579 713 3662 xvj
740 3579 811 3643 Kal.
829 3580 850 3641 J
851 3581 933 3657 unii,
948 3580 1042 3643 Anno
1057 3582 1172 3662 graciae
1195 3581 1314 3643 M⁰ccc⁰
1329 3582 1442 3659 tercio,

119 3705 238 3765 pm„
292 3674 328 3735 in
351 3673 486 3735 ecclesia
508 3674 634 3756 Ripon’,
649 3676 824 3758 praedictus
848 3680 939 3757 pater
961 3677 1094 3738 admisit
1119 3678 1348 3760 purgacionem
1373 3677 1441 3740 Ed-

111 3762 263 3883 'gd’m'y'
293 3771 408 3832 mundi
424 3771 465 3832 de
480 3769 652 3852 Whateby,
668 3771 787 3849 clerici,
798 3791 894 3852 super
908 3771 1112 3854 infrascripto
1123 3774 1257 3834 crimine
1269 3772 1442 3851 diffamati,

119 3883 207 3941 claraco,
292 3865 379 3927 facta
400 3867 489 3948 prius
513 3867 764 3948 proclamacione
789 3867 958 3949 solempni,
973 3873 1042 3930 tam
1066 3869 1101 3929 in
1125 3869 1286 3930 decanatu
1312 3867 1443 3930 Richm'

119 3947 264 4060 {mm
293 3964 447 4044 quamde
472 3962 596 4026 Cranen
611 3965 647 4024 in
670 3963 772 4025 forma
787 3963 890 4039 solita,
908 3965 991 4025 sicut
1014 3985 1071 4045 per
1094 3964 1319 4027 certificatoria
1333 3966 1444 4046 patuit

120 4059 215 4120 arpon‘.
294 4104 302 4120 .
328 4104 335 4120 .
359 4060 563 4136 decanorum,
579 4081 675 4141 quam
691 4061 725 4120 in
749 4060 883 4121 ecclesia
905 4060 1020 4140 Ripon’
1036 4061 1217 4142 supradicta
1239 4080 1296 4142 per
1310 4061 1444 4123 clericos

293 4153 523 4236 infrascriptos,
532 4156 694 4232 videlicet,
704 4177 760 4237 per
776 4157 878 4217 Adam
896 4155 1102 4236 Scriptorem,
1112 4158 1133 4219 J
1135 4154 1298 4219 ohannem
1309 4157 1444 4239 Vtreyt‚

118 4233 271 4351 ppgpqrvsrve
294 4248 477 4312 Johannem
503 4252 544 4312 de
575 4250 796 4329 Cloutherum,
825 4251 1004 4313 Robertum
1032 4253 1072 4314 de
1102 4253 1232 4335 Neuby,
1259 4251 1443 4316 Johannom

118 4355 208 4412 gatera
295 4344 501 4426 Scriptorem,
525 4344 720 4408 Nicholaum
746 4349 787 4410 de
812 4347 961 4428 Skipton,
984 4349 1164 4410 Henricum
1183 4349 1223 4410 de
1250 4348 1443 4431 Swyndene‚

293 4438 450 4505 Thomam
476 4442 518 4504 dc
535 4442 770 4527 Goldesburgb‚
793 4443 997 4507 Willelmum
1012 4446 1053 4509 de
1069 4444 1201 4527 Clifton,
1216 4443 1373 4507 Thomam
1401 4444 1443 4508 de
