3068 5024
634 332 841 383 MEMORIALS
867 332 911 383 OF
937 331 1057 382 RIPON.

274 503 315 564 ad
340 501 577 564 ostendendum
601 500 711 563 literas
734 501 884 563 ordinum
909 521 1050 579 suorum,
1070 519 1150 581 quos
1174 497 1311 582 requiu‘t
1335 500 1422 563 dicta

274 598 456 680 praebenda,
472 618 578 659 coram
600 597 694 658 nobis
710 597 832 677 pluries
846 597 983 659 fecimus
1005 596 1154 679 legitime
1170 598 1305 674 evocari,
1320 617 1424 659 nunc·

276 714 373 774 quam
389 699 500 755 tamen
515 691 703 775 hujusmodi
718 693 828 755 literas
843 693 931 754 idem
947 691 1098 754 dominus
1113 689 1252 752 Thomas
1268 693 1422 769 ostendit,

275 809 335 850 nec
351 789 467 870 aliquis
484 809 541 851 suo
556 789 688 850 nomine
703 788 905 854 ostendebat.
945 787 1098 861 Quocirca
1113 786 1203 849 vobis
1218 787 1423 864 mandamus,

275 883 413 945 firmiter
434 882 657 966 injungentes,
679 883 833 965 quatinus
856 882 982 945 dictum
1004 882 1172 944 dominum
1194 879 1355 944 Thomam
1381 883 1423 944 de

276 979 447 1058 sabaudia,
463 980 490 1040 si
513 980 709 1056 inveniatur,
724 980 787 1056 vel,
802 979 872 1059 ipso
887 979 1032 1055 absente,
1047 982 1286 1059 procuratorem
1308 977 1379 1059 ejus
1395 979 1424 1040 si

275 1096 374 1157 quem
397 1076 567 1151 dimiserit,
590 1074 744 1157 alioquin,
759 1075 795 1135 in
818 1074 952 1136 ecclesia
974 1078 1084 1135 nostra
1106 1073 1260 1155 praedicta
1281 1074 1423 1136 eundem

276 1171 447 1232 dominum
462 1169 621 1231 Thomam
637 1175 671 1232 et
693 1170 770 1232 alibi
786 1189 894 1232 coram
908 1170 995 1231 notis
1010 1174 1044 1231 et
1059 1169 1172 1231 amicis
1187 1170 1254 1231 suis
1275 1169 1423 1253 legitime

277 1267 437 1327 moneatis
453 1286 511 1328 seu
532 1265 656 1327 moneri
670 1265 795 1327 faciatis
819 1266 855 1326 in
870 1264 972 1326 forma
989 1264 1084 1346 juris,
1100 1264 1185 1346 quod
1207 1264 1289 1326 citra
1301 1264 1423 1327 festum

278 1361 468 1423 Nativitatis
485 1360 596 1423 Sancti
611 1360 632 1422 J
633 1358 768 1422 ohannis
791 1360 949 1442 Baptistae
963 1380 1050 1441 prox.
1066 1359 1226 1436 futurum,
1241 1359 1282 1421 ad
1297 1359 1424 1422 ordines

103 1475 142 1521 fle
152 1474 172 1520 is
182 1478 207 1520 to
279 1476 358 1539 quos
384 1456 520 1536 requirit
546 1456 634 1518 dicta
656 1454 826 1538 praebenda
850 1476 883 1517 se
901 1455 999 1517 faciat
1022 1475 1079 1517 seu
1100 1459 1250 1536 procuret
1271 1455 1423 1516 canonice

103 1534 220 1638 wigo,
277 1553 457 1633 promoveri
485 1552 544 1613 sub
568 1572 664 1633 poena
684 1550 767 1634 juris
795 1556 829 1613 et
853 1549 1005 1629 hominis,
1030 1571 1127 1632 quarn
1151 1550 1302 1613 videlicet
1322 1549 1424 1632 judex

104 1651 160 1754 Ἐξ
170 1651 247 1754 liuere
279 1668 355 1710 suus
371 1647 549 1708 ordinarius
560 1647 657 1728 juxta
665 1646 748 1730 juris
759 1646 958 1730 exigenciam
974 1647 1080 1708 eidem
1090 1647 1220 1728 domino
1231 1644 1362 1709 Thomae
1372 1647 1425 1708 in-

104 1741 254 1813 orshowa'
278 1743 390 1827 flrgere
400 1743 519 1824 poterit
528 1744 564 1805 in
573 1742 633 1805 hoc
642 1763 727 1805 casu.
749 1742 794 1804 Et
803 1744 831 1804 si
839 1742 974 1804 forsitan
983 1740 1318 1825 privilegiumhabeat
1326 1759 1423 1824 quare

104 1827 229 1885 privilege.
279 1841 320 1902 ad
343 1839 444 1902 dictas
461 1836 541 1925 (sic)
556 1840 682 1902 ordines
707 1860 740 1902 se
755 1837 935 1921 promoveri
956 1839 1091 1901 interim
1105 1857 1274 1920 procurare
1289 1838 1424 1899 minime

279 1939 441 2012 teneatur,
457 1936 583 1997 dictum
598 1935 768 1997 dominum
783 1932 951 2010 Thomam,
962 1934 989 1994 si
1003 1934 1215 2015 personaliter
1228 1933 1423 2011 inveniatur,

278 2031 331 2092 vel
353 2031 423 2112 ipso
445 2029 579 2093 absente
602 2029 748 2113 ejusdem
769 2034 1007 2113 procuratorem
1028 2031 1055 2091 si
1084 2047 1183 2112 quem
1203 2029 1363 2091 dimiserit
1388 2029 1424 2089 in

106 2147 238 2194 Otherwise
279 2124 339 2187 hac
362 2130 464 2206 parte,
486 2126 641 2207 alioquin,
665 2127 806 2188 eundem
829 2126 997 2188 dominum
1019 2124 1177 2187 Thomam
1200 2125 1330 2206 puplice
1353 2144 1424 2205 pro-

105 2207 242 2252 ΝΟΜ
280 2221 385 2302 posito
408 2222 632 2302 peremptoriae
655 2222 822 2284 citacionis
845 2221 963 2298 edicto,
978 2221 1087 2283 citetis
1111 2241 1168 2282 seu
1190 2220 1283 2282 citari
1297 2219 1425 2281 faciatis

104 2269 257 2370 blfllffirto
279 2318 315 2377 in
342 2316 476 2378 ecclesia
502 2321 611 2378 nostra
638 2317 763 2400 Rypon’
790 2322 824 2379 et
849 2318 921 2379 aliis
948 2317 1024 2378 locis
1049 2317 1215 2398 oportunis
1244 2313 1425 2398 dequibus

106 2383 228 2500 {lssffigiss
278 2411 353 2493 plus
369 2411 530 2474 videbitur
554 2413 716 2493 expedire,
731 2433 838 2474 coram
862 2413 949 2474 notis
973 2417 1008 2474 et
1033 2413 1146 2473 amicis
1169 2413 1248 2491 suis,
1270 2413 1317 2473 ita
1339 2411 1426 2493 quod

278 2508 500 2591 ignoranciam
522 2508 723 2588 praetendere
746 2528 813 2570 non
839 2508 948 2570 valeat
971 2508 1007 2568 in
1032 2505 1093 2569 hoc
1117 2528 1204 2584 casu,
1230 2507 1316 2588 quod
1338 2527 1425 2568 com-

278 2610 391 2684 pareat
406 2623 511 2664 coram
527 2603 619 2666 nobis
634 2604 685 2666 vel
701 2603 929 2665 commissariis
944 2604 1073 2679 nostris,
1086 2623 1151 2665 uno
1160 2604 1212 2665 vel
1221 2603 1379 2684 pluribus,
1388 2602 1425 2663 in

278 2698 413 2760 ecclesia
437 2698 548 2761 Sancti
570 2698 713 2760 Wilfridi
736 2699 831 2762 Ebor.
847 2703 962 2780 quarto
977 2699 1030 2760 die
1049 2697 1189 2781 juridico
1210 2702 1285 2780 post
1304 2697 1425 2773 festum

280 2793 392 2857 Sancti
422 2792 579 2876 Botulphi
604 2793 731 2856 abbatis
757 2795 792 2855 in
816 2799 930 2857 aestate
956 2816 1044 2876 prox.
1067 2794 1189 2871 futuro,
1214 2793 1424 2877 privilegium

278 2888 477 2972 hujusmodi,
490 2894 524 2951 et
539 2888 693 2972 quicquid
708 2911 765 2972 pro
780 2910 814 2954 se
828 2890 981 2954 habuerit
996 2891 1031 2953 in
1042 2888 1104 2952 hac
1112 2894 1216 2972 parte,
1226 2893 1425 2966 ostensurus,

279 2985 510 3066 propositurus,
526 2983 739 3062 exhibiturus,
754 2986 909 3063 facturus,
925 2990 960 3048 et
980 2991 1179 3068 recepturus,
1202 2984 1288 3067 quod
1311 3004 1425 3047 secun-

280 3080 359 3142 dum
373 3080 610 3161 praemissorum
631 3081 825 3163 qualitatem
841 3087 875 3143 et
897 3085 1048 3144 naturam
1063 3081 1224 3144 canonicis
1239 3081 1426 3143 convenerit

278 3176 441 3237 institutis
464 3181 499 3238 et
518 3176 653 3259 justicia
677 3176 847 3253 suadebit3
878 3176 1055 3239 terminum
1081 3198 1156 3239 vero
1178 3176 1369 3258 praedictum
1390 3179 1426 3238 et

280 3270 427 3353 ejusdem
451 3273 652 3354 praeceptorii
676 3274 941 3354 assignacionem,
965 3293 1007 3334 ne
1032 3272 1203 3335 laudabilis
1226 3271 1427 3335 consuetudo

280 3367 374 3428 dictae
391 3367 533 3428 ecclesiae
547 3372 665 3429 nostrae
681 3368 826 3431 indebite
843 3367 981 3430 violetur
995 3373 1055 3431 aut
1077 3367 1213 3430 minime
1227 3364 1426 3445 observetur,

281 3465 316 3521 et
337 3459 379 3521 ad
402 3459 615 3523 evitacionem
637 3464 773 3544 periculi
795 3465 912 3525 animae
928 3463 1077 3546 ejusdem
1099 3464 1222 3526 domini
1245 3461 1376 3525 Tbomae
1392 3468 1428 3525 et

280 3555 429 3632 aliorum,
455 3575 582 3617 necnon
606 3557 647 3618 ad
672 3559 908 3621 excludendum
939 3559 1127 3622 scandalum
1157 3559 1309 3636 ecclesiae,
1338 3556 1427 3640 quod

280 3650 375 3711 aliter
400 3655 509 3730 posset
536 3652 754 3714 verisimiliter
783 3654 965 3732 imminere,
991 3659 1027 3717 et
1055 3659 1186 3736 propter
1211 3655 1291 3717 alias
1315 3674 1428 3716 causas

281 3745 447 3828 legitimas
470 3746 505 3807 in
521 3752 642 3809 eventu
657 3749 684 3809 si
706 3768 835 3811 necesse
851 3749 951 3813 fuerit
973 3750 1192 3828 declarandas,
1215 3749 1260 3811 sic
1274 3748 1428 3812 duximus

280 3839 524 3904 moderandum.
570 3842 619 3904 De
634 3842 686 3905 die
702 3865 776 3906 vero
791 3847 984 3927 recepcionis
1004 3846 1217 3928 praesencium
1232 3849 1266 3907 et
1281 3845 1429 3906 omnium

282 3938 429 4019 eoquod
458 3936 598 4000 feceritis
624 3939 659 4000 in
682 3941 865 4020 praemissis,
891 3963 960 4018 nos,
984 3945 1043 4004 aut
1069 3942 1172 4003 dictos
1194 3940 1430 4002 commissarios

282 4038 419 4109 nostros,
428 4039 487 4095 aut
496 4035 763 4113 commissarium,
773 4057 876 4099 unum
888 4038 939 4100 vel
954 4038 1073 4120 plures,
1082 4037 1164 4099 citra
1173 4037 1298 4098 dictum
1309 4034 1430 4099 festum

284 4128 395 4191 Sancti
425 4127 582 4211 Botulphi
612 4130 740 4211 plenius
769 4132 964 4194 certificetis¹
986 4133 1139 4194 distincte
1166 4131 1203 4194 'et
1232 4136 1343 4213 aperte
1373 4151 1431 4212 per

284 4229 406 4285 vestras
433 4224 543 4287 literas
568 4230 731 4307 patentes,
753 4226 871 4289 harum
896 4230 1012 4291 seriem
1031 4228 1248 4290 continentes.
1304 4226 1430 4290 Valete.

284 4317 360 4380 Dat.
390 4321 477 4400 apud
509 4320 652 4398 Oawode,
684 4343 726 4383 xv
755 4322 829 4384 Kal.
860 4323 956 4386 Febr.
987 4324 1081 4386 Anno
1111 4323 1227 4407 graciae
1256 4322 1432 4386 millesimo

285 4418 373 4473 (ιοοτοο
388 4414 540 4477 vicesimo
555 4420 678 4493 octavo,
695 4422 728 4479 et
743 4422 833 4500 pont.
849 4420 953 4481 nostri
968 4419 1167 4482 duodecimo.
